3170 5150
256 373 306 434 ra
471 347 649 428 Mirer
686 345 1007 426 Hteuotturar
1043 347 1193 460 vina

253 561 651 674 Dumdapisoptatae
666 525 785 646 suerit
806 555 1173 672 compressafibido.
1394 597 1453 660 190

327 731 404 818 Sed
422 757 473 814 ne
489 729 608 841 longa
627 727 750 812 fames
765 750 908 814 noceat
925 745 1061 816 tamen
1075 725 1201 840 aspice
1218 725 1421 839 prudens,

255 903 367 984 Dum
382 897 546 984 nimium
564 893 695 980 differs
720 895 865 1005 epulas,
891 908 933 982 δι
951 894 1095 1010 gaudia
1110 895 1264 982 meosae.

254 1071 363 1154 Nam
382 1064 486 1150 soliti
501 1061 714 1176 impastissi
736 1059 834 1148 dtsrt
850 1067 965 1172 copia
979 1063 1119 1170 vibius,

254 1233 378 1320 Nulla
390 1257 506 1316 mora
521 1231 590 1336 est,
617 1227 771 1316 miseras
787 1231 930 1316 macies
951 1229 1150 1318 deformat
1168 1231 1313 1346 iniqua,

255 1398 401 1486 Pabula
418 1396 561 1486 deiude
577 1425 715 1510 parum
734 1397 925 1484 exhaustis
942 1397 1139 1510 duplicare
1159 1400 1325 1514 juvabit,
1381 1395 1437 1497 135

257 1575 313 1655 Et
329 1567 393 1656 vir
412 1567 532 1680 longa
551 1563 634 1648 dits
656 1563 777 1674 lapsas
795 1566 836 1650 in
860 1563 1020 1674 pristim
1035 1566 1187 1654 reddet.

257 1737 357 1822 Dira
379 1727 501 1816 fames
517 1729 618 1816 adeo
636 1751 768 1834 nocet,
795 1757 841 1814 ac
861 1734 1024 1842 penuria
1041 1734 1198 1822 edendi.

330 1903 441 2015 Qin
459 1902 577 1986 etiam
597 1895 702 1982 haud
718 1899 825 2007 patui
847 1900 990 1985 mutari
1011 1903 1151 2014 pabula
1170 1903 1303 1990 resert.

257 2071 327 2156 Est
346 2069 497 2154 bicolor
513 2091 658 2170 monis,
684 2063 857 2172 bombyx
870 2065 1047 2154 vescetur
1065 2089 1241 2182 utraque,

258 2243 443 2348 Utraque
460 2253 574 2348 grata
594 2233 668 2316 iili:
695 2235 757 2318 cui
773 2260 868 2318 vero
885 2235 1053 2344 assuerit,
1077 2237 1258 2344 taudem,
1378 2271 1434 2316 ιω

257 2405 403 2520 migra,
428 2403 605 2488 albeme
620 2402 719 2506 fiat,
746 2401 853 2486 nuto
871 2379 1270 2514 armoricanum,

259 2573 449 2686 vais
465 2570 645 2658 Ausoniis
660 2569 838 2658 laudetur
856 2572 969 2686 nigra
984 2570 1132 2682 puellis.

330 2745 455 2828 Forte
476 2741 594 2826 etiam
616 2739 645 2824 fi
668 2737 852 2824 deficiant
869 2737 962 2824 folia
977 2739 1112 2824 omnia
1129 2739 1248 2843 mori,

261 2913 316 2990 Et
330 2907 457 2991 subito
472 2909 584 3010 sylvae
604 2906 686 3014 (Dii
706 2905 825 2990 taient
841 2903 1007 2988 avertite
1024 2903 1185 3018 casum)

261 3073 465 3186 Thysbaeae
480 3073 655 3156 arescant
670 3071 795 3154 nimio
810 3067 914 3174 aestu,
938 3089 1006 3152 aut
1021 3071 1184 3183 frigore,
1212 3070 1352 3184 quaeris
1381 3105 1434 3170 ²05

261 3237 460 3349 Qasnam
480 3259 577 3344 tum,
602 3257 767 3349 pereant
787 3263 836 3320 ne
852 3261 913 3322 res
930 3235 1001 3320 tibi
1022 3231 1197 3324 fitoditus
1213 3265 1367 3344 omues,

78 3445 84 3458 ·
261 3401 450 3511 Bombyci
461 3405 619 3516 jubeam
634 3405 778 3515 legere,
805 3417 845 3491 &
867 3403 1109 3491 summittere
1123 3401 1298 3494 frondes.

262 3571 419 3656 Orandi
444 3571 581 3684 Superi
596 3571 779 3656 eveniant
795 3599 845 3656 ne
869 3573 962 3658 talia
980 3573 1107 3658 nobis.

263 3739 304 3822 Si
319 3760 454 3826 tamen
469 3742 633 3854 urgeris,
658 3737 894 3824 conscendat
912 3739 1055 3824 robora
1069 3739 1200 3871 pastor

262 3905 409 3992 Ulmea
424 3934 495 4020 per
513 3908 648 4014 sylvas,
674 3917 715 3992 δε
732 3908 878 3992 summa
894 3909 1090 3994 cacumina
1104 3931 1261 4021 carpat:
1381 3947 1436 3994 210

263 4074 336 4157 His
355 4076 502 4162 etenim
517 4073 719 4158 arboribus
734 4071 897 4158 multum
913 4074 970 4160 est
983 4075 1107 4162 affinia
1125 4079 1254 4192 origo.

264 4245 431 4355 Jamque
446 4241 538 4330 ideo
554 4242 733 4358 agricolae
747 4269 897 4329 morum
914 4241 1083 4330 didicere
1102 4273 1174 4358 per
1190 4275 1306 4363 agros
1578 4365 1579 4368 w

1183 4479 1191 4494 .
1374 4425 1440 4502 In·
