3138 5142
408 367 719 454 Caumruuu
743 369 925 451 Lassa.

174 586 289 673 Haud
308 586 532 679 nominetur
554 585 728 696 amplius.

99 757 159 839 Ut
173 781 305 868 regum
323 754 514 858 avarities,
541 765 581 836 &
596 752 760 835 ambitio
776 753 971 861 impotens

176 923 335 1032 Sepulta
352 917 398 1005 stt
413 917 481 1002 sub
495 944 664 1028 mquorc.
825 1008 828 1014 ¹

100 1087 265 1175 Absente
282 1109 338 1192 te,
364 1086 428 1169 vix
445 1085 581 1168 uberes
596 1085 704 1168 alum
721 1088 804 1198 agri

175 1257 388 1366 Nunquam
404 1252 586 1338 colonum
602 1250 790 1338 desidem:

98 1422 285 1508 l’raesente
304 1446 412 1526 vero,
438 1416 542 1503 nuda
557 1417 647 1508 saxa
662 1420 729 1530 qui
743 1420 852 1524 colit,

175 1589 251 1679 Vel
266 1587 477 1689 dormiens,
501 1583 616 1670 bonis
641 1584 739 1670 fluit.

99 1757 163 1841 Tu
177 1775 290 1870 grata
304 1751 436 1858 Mufis,
462 1771 507 1835 tu
523 1751 566 1834 in
582 1751 673 1836 soro
688 1750 924 1844 versantibus

175 1924 320 2028 Places,
346 1931 388 2008 δι
406 1917 490 2005 urbi
506 1915 696 2030 presides.

99 2091 163 2176 Tu
177 2114 307 2175 merce
321 2085 576 2190 transmarina
590 2113 686 2200 opes
700 2085 924 2200 parantibus

176 2263 287 2347 Voto
305 2255 494 2346 invocaris
511 2251 680 2361 publico.

100 2423 161 2510 Te
179 2421 335 2523 divites,
362 2437 404 2502 te
419 2416 564 2528 ubique
581 2439 790 2526 pauperum
810 2439 949 2527 greges

177 2583 380 2673 Laboriofi
397 2581 622 2695 pradicant.

101 2755 193 2842 Tibi
211 2753 297 2861 viri,
322 2752 394 2837 tibi
409 2749 557 2862 pudicae
575 2745 752 2836 mulimes

180 2921 471 3035 Praegestientes
487 2916 711 3029 supplicant.

101 3091 178 3176 Tui
196 3089 319 3198 senes,
346 3092 402 3174 tui
421 3087 529 3200 pueri
546 3081 807 3185 amautiliimi,

182 3259 264 3343 Tui
281 3257 407 3341 omnis
424 3276 516 3350 aetas
533 3271 733 3364 appetens.

101 3425 180 3534 Tu,
207 3421 347 3536 siquid
365 3421 421 3505 est
438 3416 662 3504 mortalibus
680 3415 775 3498 boni
790 3411 948 3524 uspiam,

183 3592 233 3678 ld
249 3619 325 3678 una
344 3589 456 3674 nobis
472 3607 683 3698 comparas.

102 3761 167 3847 Tu
184 3759 389 3844 sanitatem
405 3757 598 3872 gentibus,
624 3752 801 3862 sacraque
816 3757 858 3832 uc
872 3771 981 3854 opes,

186 3935 242 4014 Et
256 3927 414 4033 victum,
441 3935 480 4010 &
497 3946 705 4022 annonam,
732 3927 948 4014 &menam

107 4096 373 4199 Securitatem,
399 4093 528 4176 literas
546 4099 587 4173 &
605 4089 743 4191 otium,

188 4267 241 4346 Et
260 4257 426 4372 nuptias,
454 4269 494 4343 bc
513 4253 669 4358 liberos,

744 4423 791 4502 M

1066 4405 1271 4514 vitamque
