3138 5142
309 311 362 414 48
522 309 714 390 Monet
760 306 1093 390 Hunnouumr
1138 305 1279 394 Vroa

308 521 557 610 Carminibus
572 521 724 635 prorsus
740 539 873 609 vatum
886 521 1036 608 illibata
1052 521 1242 632 priorum.

307 687 431 778 Nulla
448 689 514 776 via
528 689 600 796 est,
620 690 830 776 cammite
846 691 970 804 juvat,
990 673 1071 802 quo
1089 715 1155 775 me
1169 691 1275 802 rapit
1289 689 1424 800 ardor,

307 857 495 972 Inuiaque
514 855 652 945 audaci
665 884 838 970 propero
852 876 1009 943 tentare
1023 857 1198 972 juventa.

307 1035 392 1122 Vos
409 1051 482 1140 per
497 1023 701 1114 inaccessas
714 1051 842 1138 rupes,
867 1035 909 1112 St
927 1024 1126 1136 inhospita
1140 1042 1302 1110 euntem

25 1155 37 1226 f
206 1299 213 1312 ·
309 1147 425 1302 Saia,
439 1197 555 1300 Deae,
572 1194 712 1307 regite,
734 1221 781 1279 ac
794 1190 987 1278 secretum
1003 1192 1201 1278 ostendite
1218 1193 1367 1278 callem
1452 1223 1484 1272 m

308 1369 392 1452 Vos
410 1361 523 1476 hujus
540 1359 623 1447 ludi
640 1363 684 1448 in
701 1361 836 1474 primis
849 1359 1062 1446 meminisse
1077 1361 1228 1449 necesse
1243 1361 1321 1444 est:

279 1509 393 1642 ¹”Vsus
405 1531 545 1642 primae
562 1529 686 1615 studia
699 1529 783 1616 haec
795 1530 904 1614 Italis
918 1527 1155 1613 monstrastis
1171 1530 1213 1614 in
1230 1531 1322 1634 oris,

257 1757 262 1768 -
309 1696 528 1784 Scacchidis
543 1695 715 1810 egregia
727 1715 1026 1782 monumentum
1043 1694 1193 1809 insigne
1212 1696 1368 1782 sororis.
1543 1711 1544 1724 ¹

378 1863 562 1980 Juppiter
573 1863 801 1978 AEthiopum
820 1861 945 1970 sedes,
965 1873 1007 1950 Sc
1019 1863 1246 1952 Memnonis
1265 1885 1357 1948 aava

241 2103 257 2132 ,.
308 2038 456 2138 Iverat,
477 2031 631 2116 Oceani
645 2030 796 2114 mensas
812 2029 996 2144 dignatus
1008 2032 1138 2138 amici,
1450 2063 1479 2122 ις

310 2201 393 2310 Qi
411 2198 480 2285 fibi
493 2197 740 2308 tumoptatis
756 2197 886 2312 junxit
899 2198 1100 2284 Tellurem
1118 2199 1356 2306 Hymenaeis.

309 2369 435 2454 Affuit
448 2395 526 2454 uua
541 2365 670 2454 omnis
686 2371 877 2478 Superum
895 2363 1056 2452 chorus:
1084 2365 1220 2454 omnia
1233 2361 1335 2452 fello

309 2537 490 2650 AEquoris
505 2533 679 2624 irnmenli
695 2533 931 2620 resonabant
944 2531 1241 2648 littoraplausu.
1265 2581 1266 2585 κ
1543 2645 1544 2652 Ν

202 2710 207 2724 ’
309 2705 374 2788 Ut
388 2701 553 2816 dapibus
567 2701 784 2815 compressa
796 2699 935 2809 fames,
959 2701 1180 2818 mensaque
1198 2723 1380 2811 remor&
1504 2725 1519 2756 ·

309 2871 408 2984 Qo
429 2875 619 2985 Superum
634 2889 788 2956 mentes
803 2866 899 2955 ludo
912 2869 1102 2956 mulceret
1115 2872 1238 2978 inani,
1453 2903 1489 2950 ιο

302 3041 495 3124 oceanus
511 3037 683 3121 casuram
700 3035 828 3122 areni
842 3036 1234 3154 jubetnterpiuam.

310 3204 522 3319 Sexaginta
540 3201 671 3290 insunt
686 3214 728 3290 Sc
745 3223 916 3317 quatuor
930 3203 1070 3292 ordine
1086 3206 1196 3292 sedes

308 3369 497 3479 Odonor
513 3395 627 3485 parte
645 3400 694 3458 ex
712 3374 838 3481 omni,
862 3375 925 3458 via
940 3373 1065 3458 limite
1078 3374 1246 3488 quadrat

308 3533 526 3626 Ordinibus
544 3537 728 3652 paribus3
751 3565 908 3627 necnon
924 3541 1053 3626 forma
1069 3542 1250 3629 omnibus
1267 3572 1348 3630 una

164 3781 165 3786 a
308 3703 486 3814 Sedibus,
511 3707 661 3822 equale
676 3717 718 3794 St
734 3707 915 3820 spatium,
941 3707 1009 3795 sed
1025 3737 1109 3794 non
1124 3709 1236 3796 color
1248 3737 1405 3828 unusr·
1457 3747 1488 3808 ις
1543 3799 1544 3826 ,

308 3873 522 3959 Alternant
538 3875 690 3986 semper
706 3877 836 3980 variae,
861 3863 1104 3989 subeuntque
1121 3877 1278 3967 viciffim

307 4038 500 4128 Albentes
519 4043 661 4157 nigris;
696 4040 852 4126 testudo
870 4043 975 4152 pisia
992 4045 1157 4155 superne

306 4207 453 4322 Qalia
471 4209 622 4298 devexo
641 4208 767 4324 gestat
787 4207 1007 4296 discrimina
1026 4233 1153 4326 tergo.
1223 4233 1225 4236 ·

1387 4391 1491 4472 Tum
