3170 5150
401 363 768 441 Puer-iconum
811 353 923 436 Isin·
944 355 1020 432 1111
1249 361 1295 486 ur

131 574 348 664 Verborum
362 603 514 688 parcos,
541 572 751 684 humilique
766 573 959 682 obrepere
974 566 1112 682 gressu,
1253 553 1258 566 '

131 744 339 856 Terraque
354 743 418 827 rix
434 743 569 857 gracili
586 738 779 876 deducere
793 737 963 824 carnaim
977 735 1058 820 filo.
1325 855 1332 864 ,

132 913 251 994 Nunc
267 912 366 1015 illus,
392 909 521 993 verbis
535 905 757 1018 opulentos,
783 904 909 990 divite'
922 932 1022 990 vena
1247 925 1301 999 ης

135 1077 306 1162 Cernere
324 1076 542 1181 eritfluere,
570 1103 616 1159 ae
632 1073 726 1158 laris
740 1072 945 1158 decurrer'e
956 1071 1116 1155 habenis

134 1219 349 1357 Fluxolmre
367 1239 638 1358 ingentesque3
667 1237 861 1324 redundat
875 1237 989 1350 copia
1006 1239 1096 1323 lata

54 1507 59 1516 ,
136 1370 273 1494 ubere
289 1411 407 1516 felici,
429 1409 713 1520 uerborumque
729 1407 877 1520 ingruit
890 1433 1047 1519 agmen,

136 1579 401 1662 Hibernarum·
417 1577 534 1661 instar
552 1577 711 1681 nivium,
737 1603 825 1659 cum
844 1572 1028 1688 Juppiter
1044 1573 1164 1685 Alpes

142 1745 321 1857 Frigidus
341 1715 485 1849 aereas,
513 1765 631 1856 atque
649 1743 728 1826 alta
745 1742 944 1828 cacumina
962 1740 1086 1826 vellit.
1251 1781 1308 1840 ⁴50

140 1911 341 1994 Interdum
358 1935 452 1994 vero
470 1903 659 2028 cohibent,
673 1909 862 1995 undantia
878 1911 976 2018 lora,

140 2081 243 2162 Non‘
257 2079 435 2184 humiles,
462 2041 548 2160 non'
560 2037 755 2183 sublimes,
780 2079 908 2163 media
927 2079 1032 2165 inter
1048 2098 1256 2193 utrumque

141 2247 275 2328 Littus
287 2251 399 2326 a'rant
414 2246 532 2329 veluti
546 2245 683 2356 spatia,
707 2257 749 2330 δε·
766 2245 937 2330 confinia
954 2247 1117 2332 radunt:

143 2409 205 2492 Sic
222 2411 375 2494 demum
395 2417 514 2520 pbrt'u
529 2411 609 2494 laeti
623 2409 846 2496 conduntur
866 2415 911 2496 irr
925 2416 1019 2500 alto.

214 2577 336 2688 Qud
352 2577 529 2687 superest,
538 2605 624 2687 quae
642 2577 842 2686 postremo
852 2582 1075 2694 peragenda
1093 2532 1235 2694 peierat,
1253 2599 1311 2677 455'

143 2745 368 2860 Expediam.
408 2745 612 2854 Postquam
630 2742 736 2828 casus
754 2745 916 2830 evaserit
935 2775 1086 2857 omnes,

145 2913 338 3024 Signaque
355 2930 586 3020 perpetuum
605 2908 763 2994 deduxit
778 2911 832 2996 ad
846 2915 987 3000 ultima
998 2941 1159 3003 carmen

144 3082 330 3167 Exultans
348 3079 480 3162 animo
498 3078 637 3186 vietor,
662 3077 847 3193 laetusque
866 3081 1040 3167 laborum
1050 3109 1067 3182 ς’

145 3249 244 3330 Non
262 3269 387 3330 totam
408 3248 532 3332 subito
549 3273 720 3358 praeceps
740 3247 870 3332 secura
883 3277 954 3359 per
972 3247 1108 3334 urbem

148 3413 332 3496 Carmina
350 3413 539 3528 vulgabit:
568 3411 636 3500 ah!
655 3441 706 3496 ne
725 3413 771 3496 srt
786 3413 912 3526 gloria
930 3418 1044 3521 tanti,
1253 3445 1312 3514 4⁶⁰

146 3585 198 3662 Et
215 3578 333 3662 dulcis
352 3577 466 3662 famae
478 3578 674 3690 quondam
692 3579 907 3664 malesuada
925 3583 1086 3692 cupido:

149 3751 205 3830 At
220 3747 370 3856 patiens
389 3771 549 3855 operum
569 3743 732 3858 semper,
757 3748 1008 3860 metuensque
1027 3753 1160 3860 pericli

149 3915 354 4021 Expediet,
376 3911 504 3999 donec
518 3911 648 3997 sedata
666 3935 798 3998 mente
816 3915 983 3998 calorem

149 4079 334 4162 Paulatim
354 4081 513 4190 exuerit,
538 4079 736 4194 fu‘etusqrre
754 4082 918 4164 abolem
937 4085 1115 4167 amorem¹

12 4259 13 4270 ‘
150 4247 238 4356 Ipse
256 4243 326 4352 sui,
352 4269 555 4358 curamque
572 4246 877 4332 aliotraduxerit‘
896 4251 1071 4332 omnem:
