3138 5142
403 340 714 436 Carnuntum
739 347 924 435 Lxxxx.
1200 388 1251 458 97

93 559 225 646 Fixum
241 582 339 670 erat,
353 581 472 677 atque
487 564 671 652 humilem
690 592 819 652 rerum
836 565 932 651 altas
950 567 1095 657 discere
1110 575 1250 662 causas.

93 727 210 818 Vobis
228 731 454 846 conspicuos
469 733 554 818 unis
569 731 753 847 ingreffus
768 732 953 840 honores,
1129 803 1133 810 .

93 894 261 981 subdere
277 897 379 984 colla
389 901 487 1014 jugo
503 896 616 1010 potui
634 898 735 984 male
751 902 872 1008 sueta,
897 905 1106 1017 manusque
1215 943 1250 1002 45

91 1061 222 1150 Victus
240 1039 379 1178 sponte
396 1063 502 1174 dedi,
522 1062 626 1150 haud
645 1095 744 1153 onus
763 1065 956 1155 aversatus
971 1067 1167 1182 iniquum3

89 1227 187 1342 Qae
204 1216 300 1315 mihi
314 1231 454 1316 cuneta
470 1228 563 1316 oiim
583 1232 673 1341 (tibi
685 1236 789 1319 enim
806 1237 1038 1321 commercia
1052 1235 1212 1352 Divum)

87 1395 265 1482 Praedixti
280 1398 414 1505 toties,
430 1395 584 1482 venturi
599 1397 768 1508 prescia,
793 1419 930 1489 mater.

88 1563 168 1648 Vos
186 1591 284 1648 unos
302 1563 497 1678 agitabam
515 1564 661 1671 animo,
687 1566 885 1678 vestraque
903 1567 1061 1658 fruebar

85 1727 241 1814 Laeuua
262 1730 451 1838 exultans,
478 1741 518 1817 δε
537 1729 678 1844 gaudia
691 1735 815 1820 vestra
831 1729 1028 1846 fovebam,
1215 1767 1252 1834 5⁶

85 1899 242 1980 Mecum
259 1895 391 1981 animo
410 1897 579 2007 versans,
606 1924 720 2014 quam
739 1899 849 1986 vobis
867 1901 932 1984 illa
945 1900 1076 1989 iirtura

83 2063 193 2148 Laeta
211 2062 306 2171 dies,
333 2089 422 2177 qna,
440 2091 505 2152 me
523 2067 655 2156 vestris
671 2066 907 2178 amplexibus
923 2097 1078 2186 urgens,

83 2230 274 2317 Irrnerem
291 2229 519 2342 improvisus
535 2233 585 2317 ad
602 2223 741 2339 orem,
762 2233 827 2319 vix
843 2235 947 2321 bene
963 2239 1116 2351 utrique
1178 2221 1180 2226 ¹

83 2399 264 2509 Agnitus,
288 2393 450 2479 insolitis
467 2393 600 2501 titulis,
628 2405 668 2481 bt
684 2393 896 2483 bonoribus
913 2401 1048 2483 auctus

84 2563 251 2668 Scilicet,
278 2572 321 2648 &
336 2561 460 2676 longo
474 2557 633 2646 tandem
649 2559 737 2672 post
752 2578 931 2671 tempore
947 2564 1058 2671 visus,
1212 2601 1247 2663 rt

81 2729 188 2815 Dum
207 2729 336 2840 tenuit
353 2755 417 2813 me
432 2731 577 2836 Roma,
603 2722 739 2812 humili
755 2753 826 2814 vos
842 2729 933 2816 sede
949 2729 1158 2817 Cremona.
1321 2749 1323 2755 ’

81 2897 176 2980 Una
194 2915 279 2979 erat
295 2893 378 2980 haec
392 2920 539 2981 merces
556 2913 756 2980 tantorum
773 2893 892 3010 digna
908 2896 1099 2982 laborum:
1200 2917 1203 2922 ’

81 3069 197 3148 Mens
211 3083 297 3147 erat
316 3063 358 3147 in
373 3061 531 3175 gremiis
551 3057 676 3144 studio
687 3055 815 3171 jacere
833 3059 966 3147 omnia
980 3063 1113 3148 vestris

82 3233 197 3313 Parta
214 3255 319 3335 meo,
345 3241 387 3314 δι
401 3247 556 3313 tantum
573 3225 718 3312 uestros
736 3254 935 3338 exponere
951 3229 993 3312 in
1012 3229 1109 3340 usto,

81 3397 144 3477 Ut
160 3395 292 3480 fixerat
308 3399 397 3506 par':
426 3422 497 3479 vos
515 3390 635 3478 claras
650 3419 714 3474 me
729 3391 872 3478 scilicet
888 3415 1006 3503 artes,
1206 3425 1244 3480 eo

80 3561 142 3648 Re
160 3563 254 3648 licet
271 3559 442 3676 angusta,
468 3558 598 3670 potius
615 3559 782 3644 voluistis
801 3559 922 3668 adire,

44 3682 52 3706 ἢ
81 3729 213 3844 Qam
230 3755 375 3842 genere
390 3725 558 3841 indignis
577 3723 705 3810 studiis
722 3726 945 3812 inmmbere
959 3731 1103 3813 nostro.

80 3899 213 4008 Atque
232 3895 324 3980 ideo
339 3893 474 3978 doctas
491 3887 656 3977 docilem
675 3889 820 3976 misistis
836 3891 885 3976 ad
902 3893 1029 4000 urbes,

80 4063 270 4180 Qmmvis
290 4061 333 4144 in
351 4057 489 4146 nostris
505 4057 643 4144 lufiffet
659 4057 805 4141 lubrica
823 4057 935 4142 rebus

79 4226 318 4343 Jampridem
337 4225 509 4334 fortuna,
524 4237 576 4312 ·&
593 4249 688 4336 opes
704 4222 872 4308 vertisset
889 4224 1022 4330 ar'itas,
1204 4253 1240 4324 ις

734 4393 777 4474 Ν
1192 4397 1246 4474 Et
