3172 5140
407 387 781 466 Porrreonum
823 385 933 466 Lrs.
960 384 992 463 1.
1225 381 1277 486 2‘5

112 605 309 687 Attonitae
323 599 452 713 fitgiat
468 599 661 711 strepitus,
687 612 728 684 &
747 627 905 686 amoena
920 599 1065 685 srlentis
1119 629 1125 638 ·

113 767 290 853 Accedat
303 768 390 852 loca
406 769 514 875 mris,
533 765 602 849 ubi
620 766 872 878 Dryadesque
887 767 1037 877 puellae,
1225 719 1283 866 sse

114 935 325 1047 Panesque,
336 935 550 1045 Faunique,
564 942 607 1017 &
621 933 835 1047 montivagi
845 932 1010 1037 sylvani.

115 1101 196 1183 Hic
209 1102 288 1186 laeti
302 1098 408 1183 haud
422 1100 571 1211 magnis
588 1098 742 1211 opibus,
766 1129 850 1183 non
866 1098 988 1186 divite
1005 1102 1113 1185 cultu

30 1360 33 1371 ,
119 1267 251 1355 Vitam
268 1269 422 1382 agitant
438 1287 564 1352 vates:
591 1266 728 1377 procul
742 1267 799 1350 est
815 1266 1018 1353 sceleratus
1036 1269 1206 1354 habendi

119 1436 225 1519 Hinc
238 1462 362 1540 amor,
390 1434 531 1518 insanae
549 1433 634 1544 spes
649 1395 784 1545 longe,
797 1453 915 1546 atque
934 1435 1052 1546 impia
1066 1459 1173 1544 vota,

119 1607 174 1686 Et
190 1629 385 1715 nunquam
404 1599 497 1684 dirae
513 1600 676 1684 subeunt
691 1626 739 1682 ea
756 1600 888 1686 limina
901 1630 1024 1687 curae:
1231 1638 1285 1699 tar

121 1768 313 1854 Dulcis&
329 1767 429 1852 alma
445 1767 567 1878 quies,
577 1793 623 1850 ac
640 1766 770 1875 paucis
786 1787 882 1852 nota
896 1758 1087 1879 voluptas.

175 1941 232 2022 At
249 1936 411 2021 nimium
428 1954 517 2016 trux
537 1931 617 2038 ille,
644 1933 811 2046 ferisque
825 1964 850 2018 e
864 1937 1038 2022 cautibus
1055 1957 1179 2045 ortus,

125 2102 205 2218 Qi
220 2102 386 2208 sandius,
404 2128 527 2214 genus
541 2100 767 2207 innocuum,
788 2103 1053 2215 populumque
1070 2108 1264 2212 Deorum,

125 2273 206 2354 Aut
226 2271 342 2353 armis
358 2267 475 2352 audet
494 2287 617 2373 vates,
640 2287 708 2351 aut
724 2266 865 2352 laedere
881 2267 1006 2352 druis.

126 2434 215 2524 Vidi
229 2463 321 2550 ego,
338 2435 404 2547 qui
416 2434 467 2521 ad
481 2436 649 2519 summos
667 2433 863 2518 Musarum
877 2463 1038 2520 munere
1052 2436 1221 2521 honores
1238 2433 1294 2534 503

124 2603 275 2709 Evedti,
302 2631 395 2686 mox
412 2605 587 2716 ingratos
607 2621 861 2686 contemnere
878 2603 1022 2707 Musas,

125 2773 215 2856 Nee
227 2789 335 2855 vates
354 2770 488 2854 saltem
508 2769 680 2881 alloquio
695 2765 892 2880 dignarier
909 2767 1024 2878 ipsos.

124 2937 289 3042 Parcite,
310 2936 508 3042 mortales,
528 2936 656 3022 sacros
673 2962 812 3022 vexare
831 2957 991 3048 poetas:

125 3085 292 3188 Ultores
306 3102 460 3215 sperate
479 3103 603 3208 Deos,
631 3102 700 3186 sub
719 3107 876 3189 numine
894 3132 1062 3219 quorum

127 3277 290 3383 Semper
305 3273 386 3358 vita
399 3270 475 3355 fuit
487 3289 621 3354 vatum
639 3269 798 3354 defensa
814 3274 981 3382 piorum.
1242 3305 1297 3368 505

126 3439 189 3524 llli
210 3465 348 3522 omnes
364 3437 432 3523 fibi
447 3434 627 3522 fortunas
642 3437 805 3546 posuere
820 3409 995 3523 solentes

129 3605 209 3690 Sub
227 3603 404 3714 pedibus,
430 3613 702 3716 regumque&
722 3631 831 3714 opes,
855 3615 896 3689 &
910 3603 1060 3714 sceptra
1074 3603 1238 3714 superba

128 3772 288 3882 Ingenti
303 3769 465 3854 vincunt
484 3769 630 3874 animo,
658 3799 704 3854 ac
723 3771 904 3855 mortalia
923 3773 1065 3856 rident.

128 3943 228 4026 Non
243 3935 317 4020 illis
334 3935 494 4047 usquam
513 3935 696 4022 scelentm
710 3963 819 4020 mens
833 3937 987 4022 conscia
1002 3927 1124 4024 caecos

129 4102 333 4190 Horrescit
348 4103 441 4186 coeli
457 4101 639 4212 crepitus,
664 4103 844 4217 ignemve
860 4105 1071 4212 comscum,
1247 4139 1304 4198 510

36 4289 38 4370 l
132 4273 235 4372 Cum
251 4289 366 4384 pater
380 4270 633 4381 omnipotens
649 4289 861 4380 praeruptas
874 4267 1036 4356 fislmine
1052 4289 1177 4352 turres

820 4437 862 4520 D
1242 4441 1307 4523 Ιη-
