3138 5142
303 331 352 406 86
534 329 716 406 Minor
743 323 1041 406 Hruuonumt
1067 317 1206 401 vm

527 570 734 678 ODE
805 563 1245 672 TERTIA.

841 784 920 840 AD

334 929 1435 1069 JonnnunrMirruAEuMGrunn‘rum.
1547 909 1548 986 Ῑ

486 1169 570 1255 OC
589 1171 644 1252 est
662 1169 827 1274 olorum,
854 1166 1001 1252 dulcius
1018 1184 1061 1252 ut
1075 1186 1233 1273 canant,

300 1181 485 1554 H
515 1340 716 1442 Grnunru,
737 1334 899 1442 semper,
921 1362 1017 1447 quos
1035 1333 1182 1418 senium
1196 1338 1357 1446 premit,

513 1503 666 1614 illisque
685 1502 774 1585 solis
794 1501 849 1586 est
861 1501 1033 1586 senectus

377 1669 514 1781 Usque
532 1669 634 1754 adeo
645 1668 778 1778 potior
787 1669 960 1782 juventa.

296 1839 395 1922 Non
412 1835 450 1918 id
470 1834 623 1919 sacratis
642 1835 792 1920 vatibus
812 1833 964 1938 accidit,

295 2000 450 2084 Placere
468 2021 583 2085 cantu
602 2001 712 2084 Musa
729 2000 863 2113 quibus
883 1998 1016 2122 dedit:

376 2169 449 2252 His
466 2169 592 2252 obstat
612 2164 728 2278 usque
746 2163 946 2271 obliviosa,

453 2335 631 2420 Consiliis
645 2333 796 2442 melior,
812 2333 999 2420 senediuu
1070 2373 1073 2380 ’

294 2505 379 2586 Ubi
400 2504 539 2616 ligatus
555 2502 704 2616 sanguis
723 2499 841 2600 hebet
859 2499 959 2612 gelu,

294 2673 575 2782 Languentque
594 2668 708 2774 vires,
735 2688 907 2750 mentem
923 2665 1007 2752 aliae
1025 2665 1129 2751 illico
1429 2707 1465 2756 ιο

239 2791 242 2798 ¹
375 2837 489 2918 Curae
506 2829 685 2948 fatigant,
713 2831 874 2945 suntque
894 2832 1044 2943 semper

455 3001 610 3084 Postera
628 2999 822 3082 deteriora
838 2997 983 3107 primis,
1131 2993 1132 2996 ‘

211 3137 218 3150 ’
293 3169 448 3252 Natura
466 3168 578 3250 rebus
593 3165 728 3276 cuique
748 3162 854 3248 suum
875 3161 985 3250 dedit

293 3335 483 3442 Tempus,
509 3333 615 3444 quod
631 3332 731 3417 ultra
747 3361 830 3418 non
845 3332 947 3416 bene
962 3327 1145 3444 progredi
1162 3329 1229 3414 est.

373 3502 472 3583 Non
488 3498 639 3608 semper
651 3497 753 3582 idem
770 3497 886 3583 floret
903 3525 1039 3604 annus,

456 3669 537 3749 Aut
552 3664 655 3749 soliis
672 3663 772 3748 filuae
790 3662 992 3749 virescunt.

292 3833 409 3915 Laetis
426 3835 595 3916 nitorem
610 3830 727 3915 tristis
743 3829 876 3936 hyems
895 3831 997 3944 agris

294 4000 433 4084 Aufert
448 3999 638 4109 procellis,
664 4015 782 4108 atque
798 3998 886 4112 gelu
904 4019 1066 4110 potens:

370 4171 459 4250 Nec
481 4161 520 4246 se
539 4163 782 4278 recognoscit
800 4164 959 4278 sepulta,
988 4174 1030 4249 δι

455 4328 531 4429 Sub
546 4330 692 4418 nivibus
707 4329 833 4443 stupet
847 4332 946 4415 alma
960 4327 1083 4414 tellus.
1328 4333 1467 4446 Qid?
1547 4329 1548 4360 ³
