3172 5140
305 357 355 413 no
515 330 703 410 Manes
746 329 1075 428 Hisnouum
1121 329 1261 413 Vsus

299 541 459 648 Omnis,
484 555 526 630 ὅτ
541 542 715 654 Argolici
726 537 811 658 juffi
825 541 1040 628 concedere
1064 541 1177 626 avitis

299 717 399 796 Sunt
414 709 508 820 pulsi
523 735 634 823 reges
651 709 768 815 soliis,
795 709 972 822 civesque
988 707 1117 794 coasli
1418 744 1471 804 ω

281 879 462 982 ¹Diversa
477 877 605 984 exilia,
632 895 752 988 atque
767 874 910 959 alienas
923 895 1238 987 quaerereterras.

297 1055 386 1134 Huc
404 1047 492 1130 illuc
508 1045 647 1154 inopes
663 1064 810 1147 errant,
837 1043 959 1127 habet
974 1045 1108 1130 omnia
1126 1047 1254 1132 viblor

294 1214 499 1322 Barbarus,
526 1223 567 1298 δε
585 1209 699 1296 versis
720 1238 823 1296 nunc
843 1209 952 1324 luget
974 1211 1127 1300 Graecia
1144 1211 1248 1296 fatis.

292 1381 431 1470 Nostri
446 1399 579 1464 autem
595 1399 640 1464 ut
655 1379 828 1464 faustum
845 1378 968 1462 Diuas
982 1379 1175 1464 Helicona
1190 1379 1367 1464 colentes
1461 1447 1464 1455 ,

293 1549 518 1658 Coepenmt
536 1545 703 1657 primum
721 1547 765 1630 in
777 1543 934 1630 Latium
947 1545 1172 1653 transferre,
1191 1545 1366 1632 fluebant
1414 1579 1469 1641 ιςο

291 1714 416 1804 Versu
435 1708 697 1824 incompofito
712 1709 916 1819 insomnes,
943 1711 1111 1825 artisque
1126 1711 1294 1826 Pelasgae

292 1877 488 1976 Indociles
506 1876 622 1966 Musa
638 1876 857 1962 fimdebant
877 1879 1050 1964 camina
1070 1881 1223 1993 agresti,

290 2046 503 2156 Sylvicolss
516 2045 811 2132 intchaunos:
841 2065 935 2130 tunc
950 2073 1070 2132 omne
1084 2047 1250 2136 sonabat

290 2211 679 2332 Arbustumsremitu
698 2213 817 2318 sylvai
827 2209 1041 2298 frondosai.

289 2380 484 2468 Nondum
494 2381 611 2489 acies,
620 2379 796 2467 nondum
811 2407 918 2466 arma
933 2377 1020 2464 rudi
1031 2397 1145 2492 pater
1158 2382 1306 2468 Ennius
1320 2409 1390 2468 ore
1410 2419 1461 2480 us

288 2547 500 2657 Tentatat,
526 2550 705 2662 quimox
715 2546 842 2633 Graio
859 2545 911 2633 de
927 2545 1074 2632 vertice
1085 2547 1234 2658 primus

192 2749 200 2768 ’
287 2715 358 2802 Est
375 2715 485 2813 ausus
502 2715 667 2803 viridem
685 2716 728 2800 in
740 2717 860 2802 Latio
877 2715 1032 2825 sperare
1050 2742 1250 2800 coronam.

287 2883 397 2982 Tum
411 2909 542 2968 rerum
552 2879 698 2985 causas,
723 2899 872 2966 naturae
887 2909 1028 2968 arcana
1045 2883 1202 2968 latentis

286 3048 505 3158 Explorate
524 3047 616 3154 auli,
642 3045 868 3134 cecinerunt
887 3051 1057 3136 carmine
1072 3047 1173 3136 dulci

286 3215 439 3306 Omnia
449 3215 578 3304 Pierio
594 3214 822 3326 spargentes
834 3218 993 3302 nestore
1007 3239 1130 3304 vates.
1407 3245 1462 3302 ss·

286 3388 420 3498 Atque
437 3387 493 3471 ita
510 3381 653 3468 deinde
662 3380 783 3498 ,sudes
797 3383 984 3491 paulatim
1003 3385 1153 3470 sumere
1168 3383 1297 3470 versus

286 3553 513 3664 Coeperunt
530 3550 698 3636 sormam
714 3551 917 3664 iufignem‚
944 3551 1173 3666 penitusque
1189 3553 1323 3656 Latini

259 3799 262 3810 ,
284 3719 492 3834 Agrestem
509 3739 702 3812 exuerunt
717 3743 880 3827 morem,
907 3719 1151 3832 liquidillima
1164 3721 1293 3808 donec

284 3885 516 3996 Tempestas
533 3885 652 3969 veluti
673 3887 767 3970 coeli
784 3889 871 3996 post
887 3887 1031 3995 nubila,
1051 3899 1093 3976 δι
1108 3889 1264 3996 imbres,

198 4095 215 4120 ο
283 4053 438 4140 Extulit
456 4079 503 4137 os
516 4052 677 4159 sacrum,
704 4051 858 4138 soboles
876 4055 1080 4142 certillisna
1095 4055 1250 4161 Phoebi,
1378 4083 1457 4155 ³165

283 4221 482 4338 Virgilius,
498 4221 565 4336 qui
580 4245 685 4326 mox,
713 4239 888 4314 vetemm
910 4221 1087 4334 squalore
1102 4221 1250 4340 fituque

1372 4399 1462 4484 De-
