3170 5150
271 359 348 434 104
492 339 668 415 Mnncr
703 333 1022 416 Hrnnonrmr
1063 331 1206 417 Vrun

267 547 477 652 Venissem,
505 575 584 630 non
605 543 738 632 infelix
752 547 859 652 mihi,
878 543 1037 657 Diisque
1052 544 1208 630 viderer
1423 564 1446 644 ς

266 712 411 798 Invisus
426 715 600 826 penitus:
624 713 696 796 tibi
711 711 738 796 fi
755 741 838 798 non
851 713 956 796 utilis
977 712 1095 796 effem

268 881 460 987 confinis,
485 881 643 996 quando
661 902 753 964 ante
769 881 864 964 alios
879 899 921 962 te
934 879 1105 964 maxima
1125 877 1248 964 Pallas

265 1047 450 1158 Edocuit,
475 1066 726 1159 mentemque
743 1017 885 1158 aspirat
899 1047 1083 1160 Juppiter
1098 1047 1215 1130 altam
1226 1091 1239 1146 ς

268 1219 458 1298 Attamen
474 1214 654 1300 haefissem
669 1215 783 1298 lateri
799 1213 991 1298 fidiffirnus
1012 1195 1110 1296 unus

266 1381 405 1492 Usque
421 1403 505 1488 tuo,
529 1377 774 1494 quascunque
787 1408 875 1464 oras
895 1402 1023 1466 tecum
1041 1381 1098 1463 ire
1115 1396 1283 1490 paratus.
1404 1411 1442 1456 ιο

266 1548 354 1657 Ipse
374 1577 453 1662 ego
469 1549 676 1659 primaviae
695 1567 847 1630 tentare
862 1547 1031 1655 pericula
1045 1546 1207 1656 poffem,

266 1719 416 1824 Perque
434 1716 543 1798 nives
560 1714 656 1798 altas
670 1713 828 1825 vestigia
843 1713 963 1825 figere
978 1715 1137 1822 primus,

268 1877 371 1986 Qae
386 1901 475 1965 tuto
495 1908 587 1964 mox
609 1901 653 1962 tu
670 1879 801 1988 quires
816 1879 965 1964 servare
985 1879 1195 1994 sequendo.

269 2051 289 2130 I
309 2067 456 2150 tamen,
484 2059 523 2132 &
540 2049 691 2162 magnis
707 2047 758 2130 de
776 2048 889 2132 rebus
902 2047 1118 2132 comminus
1132 2049 1232 2132 altos

124 2303 127 2310 ι
267 2219 344 2298 Pro
363 2214 490 2324 patria
507 2214 699 2324 intrepide
718 2242 830 2328 reges
851 2215 981 2319 affare,
1007 2215 1198 2327 decusque
1406 2248 1440 2306 ις

267 2379 418 2465 Tutare
435 2383 570 2489 Italiae,
597 2381 897 2496 libertatemque
915 2403 1083 2488 tuorum,

269 2547 409 2661 Teque
424 2552 525 2635 adeo
542 2550 708 2663 egregiis
723 2551 868 2638 clarum
881 2551 941 2634 fer
955 2549 1008 2634 ad
1023 2505 1168 2632 athera
1182 2548 1307 2636 r'ams.

268 2723 427 2803 Interea
445 2721 533 2804 solis
553 2718 705 2832 agitans
724 2720 765 2802 in
780 2719 979 2804 montibus
997 2745 1121 2802 aevum

267 2883 408 2970 Infelix
424 2915 570 3000 aegrum
590 2885 706 2970 Mufis
726 2883 881 2968 solabor
897 2913 1100 2969 amorem:

268 3051 309 3132 si
331 3073 370 3134 te
388 3049 547 3135 absente
565 3073 698 3134 tamen
721 3051 881 3134 venient
897 3049 947 3132 ad
964 3049 1135 3134 carmina
1153 3051 1288 3156 Musae,
1403 3084 1443 3128 ιο

266 3221 357 3302 Nec
374 3217 469 3300 mihi
485 3219 605 3332 longe
622 3218 718 3300 abiit
735 3239 861 3302 tecum
877 3217 1114 3300 irrevocatus
1134 3218 1293 3327 Apollo.
1401 3265 1414 3283 =

267 3388 427 3496 Nempe
445 3415 582 3470 canam
597 3385 749 3496 semper
766 3394 975 3470 Mnmcum
993 3385 1098 3468 fasta
1122 3387 1250 3495 ampla
1269 3405 1443 3494 tuorum,

267 3553 462 3638 Praeclarae
478 3555 621 3639 decora
637 3557 716 3638 alta
733 3554 883 3658 domus,
911 3581 988 3665 qua
1004 3553 1145 3665 lbspite
1163 3582 1358 3664 nunquam

267 3719 420 3804 Italiam
441 3723 625 3826 amissam,
645 3724 943 3833 libertatemque
958 3721 1127 3826 fatebor,

267 3894 366 3973 Fata
385 3889 476 3974 licet
495 3891 646 4000 semper
665 3891 808 4000 coeptis
826 3891 1047 4002 ingentibus
1064 3889 1233 3996 obstent,

268 4060 401 4170 Atque
417 4055 509 4140 ideo
526 4061 630 4140 Luo
653 4060 837 4140 mortales
855 4057 976 4140 modo
991 4056 1147 4168 liquerit
1167 4082 1277 4140 auras

268 4231 437 4336 Ereptus
454 4225 604 4347 mediis‚'
625 4223 674 4310 stc
692 4227 761 4310 Dii
778 4227 953 4310 voluere!
979 4225 1195 4335 triumphis.
