3170 5150
284 310 340 443 78¹
504 351 690 432 Ilurcr
725 349 1056 434 Hrunonunr
1091 350 1231 436 Vrnn

281 563 406 648 Molle
424 563 525 648 viam
539 563 663 648 tacito
677 563 783 675 lapsu
799 591 870 676 per
881 563 981 650 levia
998 563 1123 648 radit:

279 730 351 814 Ille
370 751 499 816 autem
515 730 713 837 membris,
733 758 779 819 ac
794 732 899 816 mole
915 729 1091 844 ignavius
1108 731 1249 846 ingens
1394 768 1449 830 m

279 897 433 982 Incedit
452 897 567 984 tardo
583 897 786 984 molimine
801 895 1042 982 subsrdendo.

278 1067 382 1148 Ecce
397 1066 533 1178 aliquis
550 1066 650 1150 subit
665 1068 828 1181 egregio
843 1065 1122 1175 pulcherrimus
1136 1091 1223 1172 ore,

279 1231 356 1314 Cui
368 1233 501 1316 laetum
518 1234 701 1320 membris
717 1241 849 1326 Venus
867 1232 1047 1316 omnibus
1067 1233 1173 1316 afflat
1188 1231 1396 1319 honorem.

278 1397 431 1484 Contra
446 1403 542 1486 alius
556 1401 674 1510 rudis,
697 1403 886 1487 informes
902 1397 1123 1486 ostendit&
1139 1419 1259 1506 artus,

277 1564 556 1680 Hirsutumque
572 1569 827 1678 supercilium,
853 1565 1075 1652 arraudum
1090 1564 1292 1674 smuosam,
1393 1591 1450 1666 ‚to

277 1737 459 1845 Ingratus
476 1734 569 1840 visu,
596 1733 727 1818 sonitu
744 1731 947 1817 illaetabilis
966 1733 1063 1844 ipso.

119 2013 124 2022 1
279 1899 369 1982 Nec
383 1925 478 1984 vero
495 1900 558 1984 hae
573 1899 652 1984 srne
670 1902 759 2015 lege
776 1898 893 2002 datae,
920 1899 999 1984 sme
1016 1919 1149 1984 mente
1166 1901 1311 2016 figurae,

153 2140 156 2148 .
279 2065 358 2148 Sed
373 2061 491 2152 facies
506 2065 574 2152 lua
587 2095 663 2178 pro
678 2067 841 2174 meritis,
867 2065 1092 2179 habitusque
1112 2067 1300 2182 sonusque

279 2231 456 2342 Cunctis,
483 2234 623 2347 cuique
642 2236 743 2343 suus,
767 2261 907 2320 vocum
922 2232 1141 2318 discrimine
1157 2255 1279 2319 certo.

277 2403 387 2514 Ergo
405 2401 472 2488 ubi
485 2404 567 2514 jam
583 2425 712 2488 nautae
728 2401 877 2514 spumas
896 2399 980 2485 salis
998 2427 1075 2484 aere
1094 2420 1251 2486 ruentes
1392 2427 1446 2502 3⁸5

276 2568 492 2655 Incubuere
515 2571 626 2677 mari,
653 2569 786 2655 videas
802 2571 977 2680 sprunare
995 2567 1164 2652 redudis

276 2733 513 2823 Convulsum
529 2739 660 2844 remis,
685 2737 889 2850 rostrisque
907 2735 1152 2820 stridentibus
1175 2761 1320 2846 aequor.

274 2897 392 2988 Tunc
408 2903 528 3016 longe
542 2905 619 2988 sale
630 2905 718 2986 saxa
735 2904 890 3006 sonant,
916 2925 1011 2984 tunc
1026 2913 1069 2988 br
1083 2903 1188 2985 freta
1202 2899 1330 2986 ventis

275 3068 474 3177 Incipiunt
492 3069 640 3180 agitata
658 3063 892 3152 tumescere:
921 3066 1055 3152 littore
1074 3067 1211 3152 fludnrs

274 3232 436 3320 lllidunt
454 3261 587 3344 rauco,
612 3253 731 3349 atque
748 3230 916 3318 refrada
930 3254 1190 3320 remurmurat
1203 3235 1307 3322 unda
1390 3273 1448 3335 290

273 3397 340 3484 Ad
356 3401 547 3515 scopulos,
565 3403 722 3492 cumulo
736 3403 951 3522 insequitur
964 3420 1179 3516 praeruptus
1198 3429 1305 3514 aquae
1319 3431 1446 3489 mons.

274 3567 365 3653 Nec
379 3597 502 3680 mora,
511 3571 757 3658 Trinacriam
767 3595 903 3654 cemas
917 3569 1054 3680 procul
1065 3569 1274 3655 intremere
1285 3595 1445 3666 omnem

272 3735 478 3845 Funditus,
504 3749 546 3824 δε
564 3759 719 3824 montes
735 3763 966 3824 concurrere
984 3735 1185 3822 montibus
1202 3738 1316 3820 altos.

273 3901 377 3986 Cum
392 3929 488 3988 vero
504 3931 553 3987 ex
570 3903 653 3988 alto
672 3905 887 4015 speculatus
901 3904 1040 3998 caerula
1053 3905 1213 3988 Nereus

271 4069 404 4168 ⁸Ireniit
428 4073 470 4157 in
486 4097 637 4155 morem
654 4071 792 4183 stagni,
817 4069 1055 4184 placideque
1073 4069 1238 4178 paludis,
1392 4103 1444 4168 395
1488 4105 1496 4120 ·

270 4236 435 4338 Labitur
450 4241 569 4327 unua
584 4237 690 4331 vadis
707 4235 830 4348 abies,
856 4255 968 4324 natat
983 4237 1103 4326 uncta
1120 4237 1265 4332 emma..

1341 4405 1448 4492 Hinc
