3138 5142
287 343 337 434 ‚a
492 327 702 414 Manet,
727 325 1058 408 Htunouuur
1105 329 1250 416 vrum

283 544 326 630 si
341 537 447 626 sorte
459 535 539 652 ipse
556 537 626 624 fibi
639 555 798 650 patruus
813 565 880 626 rex
892 539 1082 626 mmmm
1096 546 1196 630 Orci

282 715 487 799 Annuetet
500 729 643 820 paueat
661 707 808 795 animas
826 707 868 794 iu
885 705 997 792 tarda
1015 709 1160 792 reverti

282 881 477 990 Corpora,
498 893 545 958 ut
559 873 651 960 inde
665 897 808 962 novam
823 871 1000 960 sobolem
1014 871 1217 962 revocaret
1233 875 1276 960 in
1290 902 1420 962 auru.

282 1049 450 1159 Jamque
464 1042 574 1128 ibant
590 1040 738 1126 umbtae
756 1061 890 1130 tenues
906 1045 1026 1156 Styga
1039 1039 1276 1130 circumflua

283 1209 515 1318 Obscuram,
538 1209 746 1324 niglosque
765 1209 882 1318 laon,
905 1219 947 1298 ὅτ
962 1237 1077 1296 rauca
1092 1210 1251 1298 fluenta.
1404 1248 1463 1306 ῳ
1554 1259 1555 1268 t

281 1377 391 1465 Tum
407 1377 578 1508 domine
596 1377 767 1466 adventu
783 1377 883 1464 laetae
896 1378 1042 1464 circum
1055 1403 1126 1464 ora
1140 1375 1319 1462 volantes

281 1547 477 1638 Nondum
494 1545 628 1632 oblitae
644 1546 711 1630 alis
724 1544 910 1656 plausere,
931 1554 973 1628 ὅτ
989 1544 1097 1659 signa
1112 1543 1306 1632 dedentnt

283 1714 465 1818 Ianne,
480 1710 657 1798 nondum
669 1729 776 1796 trans
789 1709 906 1797 livido
922 1711 1082 1796 flumina
1098 1713 1230 1801 veste.

284 1880 462 1994 Agnovit
476 1887 621 1983 Venus,
644 1889 685 1964 δι
701 1877 826 1968 secum
839 1879 897 1962 est
914 1879 1046 1966 laetata
1061 1881 1235 1990 repertis.

284 2049 417 2158 Qam
432 2046 631 2132 Saturnius
646 2045 841 2132 horrentis
859 2065 1045 2158 regnator
1056 2047 1201 2132 Averni
1405 2085 1455 2142 ης

286 2211 504 2322 Utptocul
519 2211 680 2322 aspexit,
702 2211 828 2296 multo
844 2213 901 2296 est
917 2212 1098 2326 dignatus
1113 2211 1280 2320 honore,

205 2331 222 2364 ἢ.
284 2379 535 2494 Permisitqoe
551 2382 699 2466 animat
712 2379 755 2464 in
770 2407 938 2492 corpora
955 2379 1066 2466 tarda
1082 2385 1225 2466 reverti

201 2579 203 2582 ·
284 2547 444 2656 Rursus,
460 2567 506 2634 ut
520 2544 919 2636 extindmusobolem
934 2549 1189 2636 revocaretin
1207 2578 1332 2656 auras,

287 2717 519 2827 Seminaque
534 2714 593 2802 hio
611 2717 766 2829 generis
782 2715 935 2825 penitus
950 2737 1148 2827 repararet
1166 2717 1355 2828 adempti.

284 2885 424 2994 thue
435 2883 542 2996 sequi
556 2883 709 2992 possent
719 2859 922 2968 dominum
931 2881 1067 2994 supera
1080 2885 1159 2968 alta
1169 2881 1390 2994 petentem,
1403 2921 1463 2979 ιςο

286 3047 528 3157 Corporibus
542 3049 716 3158 geminas
734 3049 930 3132 renovatis
945 3047 1094 3134 addidit
1112 3051 1202 3136 alas.

284 3219 400 3302 Hanc
417 3214 546 3326 legem
560 3212 689 3322 posuit
704 3231 851 3324 tamen,
874 3235 919 3300 ut
934 3241 1058 3328 genus
1072 3245 1193 3302 omne
1205 3221 1424 3331 quotannis

284 3381 401 3468 Alitis
419 3374 613 3466 infaciem
628 3380 668 3467 se
682 3381 771 3492 post
787 3409 909 3494 opera
924 3403 1040 3496 atque
1056 3383 1208 3470 labores

284 3553 482 3653 Verteret,
502 3557 543 3634 δι
558 3548 691 3663 nigror
705 3549 805 3636 Orci
821 3549 880 3634 bis
899 3548 1039 3633 viseret
1056 3577 1200 3637 amnes.

283 3719 347 3798 Ut
363 3713 548 3824 quosdam
564 3715 728 3826 populos
743 3715 786 3800 in
801 3715 1055 3826 Hyperborea
1075 3717 1229 3802 Pallene
1402 3753 1459 3814 ²55

284 3882 371 3966 Esse
387 3881 531 3988 serunt,
552 3882 633 3994 qui,
653 3884 693 3966 se
707 3904 752 3966 ut
766 3884 902 3968 novies
918 3883 1129 3970 Tritonide
1143 3886 1186 3968 in
1199 3883 1304 3970 unda

283 4049 518 4158 Merserunt,
535 4050 636 4136 natis
652 4049 838 4134 tollantur
849 4050 890 4134 in
905 4076 995 4136 aera
1012 4053 1163 4162 pennis.

353 4221 505 4308 Nonne
525 4215 646 4326 vides,
665 4217 985 4333 comparceribus
998 4218 1106 4308 exire
1119 4217 1270 4314 recluso
1554 4293 1555 4302 t

1390 4395 1461 4478 In.
