3170 5150
414 329 781 410 Pnnntcouunt
824 324 930 406 Ltu.
957 327 1030 408 111.
1258 331 1312 428 19

141 545 248 629 Hinc
265 541 387 628 etiam
402 540 520 628 solers
533 541 725 626 mirabere
738 542 838 652 saepe
855 537 1040 654 legendo,

143 708 273 794 Sicubi
290 709 483 798 Vulcanus
505 710 615 816 sylvis
633 708 811 794 incendia
828 705 945 816 ntifit,

141 881 226 961 Aut
250 903 362 990 agro,
379 877 533 987 stipulas
550 877 705 962 flamma
723 877 942 988 crepitante
958 875 1132 961 cremati.

141 1044 235 1128 Nec·
248 1043 374 1150 minus
390 1045 569 1130 exultant
582 1044 729 1151 lancee,
754 1071 844 1128 cunt
859 1040 964 1126 taeda
977 1040 1119 1126 sonore
1255 1075 1313 1136 400

140 1208 286 1323 virgea
302 1207 519 1324 suggeritur
535 1208 650 1295 costis
669 1195 852 1295 undantie
871 1206 999 1292 aheni.

140 1372 328 1460 Carmine
343 1404 418 1463 nec
433 1379 507 1463 levi
524 1375 690 1462 dicenda
705 1375 762 1458 est
782 1376 916 1460 scabra
931 1374 1104 1486 crepido.

138 1539 261 1650 Tum,
287 1543 421 1630 fitaeta
438 1565 596 1651 canunt,
612 1543 725 1628 luilari
740 1569 895 1657 quoque
908 1543 1079 1628 carnuina
1095 1522 1206 1628 uultu

140 1709 347 1818 Incedunt,
375 1711 583 1823 letumque
599 1711 740 1796 sonant
757 1707 861 1792 haud
879 1708 1013 1822 segnia
1028 1709 1168 1794 verba:

138 1882 214 1960 Seu
230 1903 320 1962 cunr
337 1903 430 1966 vere
444 1905 552 1966 novo
574 1877 704 1964 rident
720 1895 835 1987 prata
850 1873 1033 1980 hunrida;
1058 1876 1125 1964 seu
1142 1901 1229 1964 cum
1253 1907 1308 1970 405

138 2039 325 2130 Panditur
337 2046 488 2132 interea
503 2045 643 2132 domus
655 2043 941 2156 omnipotentis
953 2043 1129 2157 Olympi.
1300 2068 1304 2080 ‘

139 2207 294 2294 Contra
306 2231 435 2298 nutent
451 2209 531 2297 sese
547 2212 672 2296 tristes
694 2212 902 2296 inamabile
919 2236 1077 2296 cannen

138 2373 275 2460 Induit
293 2377 336 2462 in
348 2379 488 2486 vultus,
514 2377 543 2462 fi
558 2378 666 2466 forte
682 2365 803 2462 invisa
816 2377 984 2462 volucris

139 2543 276 2629 Nodte
293 2544 428 2631 sedens
447 2545 575 2628 serurn
598 2543 705 2628 canit
723 2542 949 2655 importuna
964 2568 1035 2654 per
1053 2537 1221 2650 umbras,

138 2709 203 2792 Ut
218 2711 418 2823 quondam
432 2709 474 2795 in
485 2707 621 2815 bustis,
632 2729 700 2794 aut
715 2709 946 2796 culminibus
960 2707 1164 2794 desertius
1203 2724 1206 2732 '
1252 2747 1309 2804 410

139 2877 270 2962 Verba
288 2879 408 2962 etiam
424 2903 485 2962 res
502 2875 660 2990 exiguas
678 2875 837 2988 angusta
850 2871 1076 2988 sequuntur,

138 3043 400 3156 Ingentesque
414 3047 549 3157 juvant
565 3045 758 3156 ingentia:
787 3044 929 3128 cundia
946 3042 1150 3158 gigantem

140 3207 256 3299 Veste
270 3211 426 3317 decent,
453 3211 581 3297 vultus
594 3213 798 3320 immanes,
819 3211 982 3320 pedona
1000 3212 1094 3317 latu,

138 3382 194 3462 Et
211 3379 344 3490 rnagni
361 3375 624 3462 membronnn
640 3397 759 3483 artus,
785 3401 929 3488 magua
942 3377 1036 3482 offa,-
1057 3378 1280 3491 latentique.

140 3545 272 3655 Atque
286 3542 403 3650 adeo,
427 3541 549 3657 siquid
564 3543 711 3656 geritur
723 3527 925 3628 molimine
943 3569 1103 3656 magno,
1250 3583 1304 3641 ,ις

140 3707 257 3796 Adde
272 3736 435 3815 moram,
456 3708 658 3820 &pariter
674 3727 803 3796 tecunt
821 3735 976 3821 quoque
991 3709 1110 3795 verba
1128 3710 1309 3800 laborent

139 3877 300 3990 Segnia:
330 3876 395 3959 seu
411 3874 568 3986 quando
581 3877 621 3960 vi
638 3875 760 3962 multa
777 3875 892 3990 gleba
909 3875 1055 3962 cuneis

138 4047 341 4130 AEternum
360 4039 579 4156 frangenda
594 4042 830 4151 bidentibus,
856 4069 1014 4155 equora
1028 4015 1097 4128 seu⁴
1111 4071 1198 4128 cum

140 4209 300 4294 Cornua
314 4209 524 4300 velatanmu
543 4210 781 4300 obvertimus
797 4229 1065 4298 antennarum.

1253 4381 1309 4461 At
