3172 5140
279 353 335 414 ao
508 331 685 414 Menos
724 329 1049 416 Hrunorssmr
1087 333 1231 416 Vrua

277 545 368 632 Nec
386 546 492 656 potis
509 545 568 634 ,est
589 541 668 627 alio
684 545 798 630 fixam
818 544 1020 632 traducere
1038 565 1214 631 mentem

278 715 453 798 Saucius:
483 711 609 826 ignari
634 711 773 796 frustra
800 712 960 798 miscere
981 731 1163 822 parentes
1397 749 1452 811 trs

276 880 456 965 Paeonios
478 878 624 984 succos,
647 877 892 992 medieasque
907 879 1139 965 Machaonis
1156 903 1260 965 artes

278 1047 512 1132 Consulere:
542 1047 694 1132 interea
712 1048 868 1158 penitus
883 1049 989 1134 calor
1006 1047 1071 1132 ille
1089 1047 1245 1162 reliquit

278 1213 442 1300 Pierius:
471 1232 664 1340 torquent
677 1215 741 1300 alii
755 1243 826 1300 cor
840 1214 960 1300 molle
979 1217 1138 1304 calores.

349 1385 451 1466 Cum
468 1403 563 1467 vero
580 1385 662 1496 jam
678 1383 891 1494 pubescens
905 1402 1041 1467 utente
1056 1384 1167 1470 altius
1183 1381 1306 1468 hausit

278 1547 476 1632 Musarum
489 1549 643 1636 dulcem
657 1549 853 1660 sanctique
866 1551 1068 1636 Heliconis
1087 1578 1276 1656 amorem,
1398 1571 1455 1644 380

279 1723 334 1800 Et
357 1715 435 1798 sese
455 1715 611 1800 Phoebo
624 1715 786 1830 addixit,
811 1715 1091 1828 propriumque
1111 1716 1288 1824 sacravit,

278 1879 398 1966 Haud
419 1897 571 1964 tantum
595 1881 775 1991 exploret
797 1902 930 1968 vatum
957 1911 1228 1994 monumenta,
1255 1886 1322 1972 sed
1349 1881 1453 1968 idem

281 2045 482 2154 Consulat,
509 2069 628 2160 atque
645 2049 741 2134 alios
758 2049 1071 2156 autoresdiscut,
1092 2072 1137 2136 ut
1157 2054 1236 2138 acri

280 2216 403 2300 Nulla
417 2215 462 2299 stt
475 2217 634 2328 ingenio
653 2246 768 2329 quarn
787 2247 870 2304 non
884 2217 1063 2302 libaverit
1077 2240 1214 2304 artem.

279 2381 459 2470 Proderit
479 2387 520 2470 in
536 2387 670 2496 primis
687 2387 858 2500 linguam
875 2386 1078 2471 Ciceronis
1094 2386 1145 2471 ad
1160 2413 1331 2498 unguem
1401 2411 1453 2482 3⁸5

280 2551 465 2664 Fingere,
494 2565 535 2639 &
553 2552 698 2665 eloquii
716 2579 787 2664 per
805 2581 965 2666 campos
980 2553 1038 2636 ire
1056 2573 1249 2663 patentes.

280 2719 366 2825 Ille,
391 2719 507 2806 decus
520 2721 637 2827 Latii,
663 2747 817 2836 magnae
831 2723 895 2806 lux
913 2721 1034 2806 altera
1049 2726 1203 2827 Romae,

280 2891 367 2970 Ore
386 2887 550 2973 effundit
565 2915 661 2998 opes
677 2886 786 2970 fandi
798 2887 1023 2972 certiffimus
1043 2909 1179 2972 autor:

280 3054 458 3140 Tantum
475 3083 613 3139 omnes
630 3056 812 3165 luperaus
831 3053 1024 3163 praeclarae
1043 3081 1202 3138 munere
1219 3057 1374 3166 lingue,

281 3223 485 3335 Qantum
503 3219 550 3304 iit
565 3241 658 3306 ante
680 3221 772 3304 alias
792 3223 976 3304 Romana
995 3224 1176 3330 potentia
1192 3243 1343 3336 gentes.
1400 3261 1458 3318 ts·

280 3391 433 3477 Profuit
450 3401 491 3475 &
508 3390 635 3475 varios
653 3415 783 3474 mores
803 3386 1098 3503 hominumque,
1122 3391 1375 3502 locorumque

279 3557 504 3668 Exploraffe
523 3557 628 3665 ficus,
656 3557 796 3641 multas
815 3578 995 3666 terraque
1012 3556 1186 3669 marique

281 3728 366 3812 Aut
380 3725 511 3812 vidiffe
530 3725 656 3836 ipsum
671 3725 801 3830 urbes,
828 3743 895 3808 aut
913 3723 1156 3808 narrantibus
1170 3721 1253 3808 illas

282 3899 342 3977 Ex
361 3893 445 3976 aliis
460 3892 620 3995 novule,
644 3903 685 3977 &
703 3895 852 4003 pictum
867 3894 908 3976 in
925 3889 1075 4001 pariete
1095 3890 1295 3976 mundum.

281 4058 393 4168 Qud
408 4059 574 4144 referam
590 4061 671 4172 qui,
696 4081 738 4144 ut
759 4058 855 4146 saeva
870 4077 1016 4171 queant
1028 4085 1181 4169 equare
1195 4057 1376 4146 canendo
1402 4093 1457 4156 395

281 4228 429 4336 Praelia,
452 4255 537 4314 uou
553 4225 718 4314 horrent
734 4226 949 4317 certamina
967 4227 1107 4314 Martis
1127 4225 1250 4336 adire,

1384 4399 1461 4478 Per
