3138 5142
306 355 356 428 92
538 328 721 402 Murci
747 319 1046 404 Hrenouumr
1072 319 1211 402 Vrue

308 567 447 653 Clades
467 555 634 676 recep'tae
649 559 884 647 nuncetiam
900 559 973 644 tibi
1057 561 1064 574 '

308 733 461 820 Frustra
476 731 685 836 recursant,
711 756 784 812 nec
799 727 1037 838 requiescere

390 903 530 986 Sinunt
545 893 726 1002 moleste,
753 889 845 980 dum
862 889 1009 1004 peritur

472 1073 612 1149 Mente
628 1089 738 1148 caves
756 1059 862 1176 vigili
877 1059 919 1146 in
933 1057 1118 1146 futurum.

311 1232 476 1347 Quiesce
493 1231 667 1338 tandem,
694 1239 734 1317 δι
749 1229 887 1316 cun&
901 1223 1122 1312 ridentibus

312 1405 408 1488 Haec
424 1401 554 1512 linque
569 1399 707 1486 Divis:
734 1397 846 1496 vive;
871 1420 944 1480 nec
957 1391 1138 1480 omnibus

395 1569 567 1682 Augure,
584 1559 815 1651 definudans
830 1577 1059 1673 querentem

475 1729 611 1845 Usque
627 1728 727 1817 adeo
746 1727 931 1838 Genium,
957 1725 1104 1814 diebus.

310 1899 394 1986 Res
413 1901 493 2010 ipse
509 1899 677 1986 summus
692 1895 914 1985 Caeiicolum
932 1895 1078 1982 amiter

312 2068 477 2158 Nostrae
491 2061 690 2174 profundo
704 2063 861 2148 numine
878 2076 1086 2176 temperat,

395 2229 600 2342 Caufisque
615 2227 743 2316 causas
759 2225 877 2342 usque
892 2229 1017 2318 nectit

478 2409 671 2508 Perpetua
685 2399 727 2482 in
742 2397 879 2482 seriem
895 2417 1048 2507 carena,

316 2573 448 2684 Qum
465 2567 568 2652 nulla
585 2561 701 2677 possit
716 2565 773 2652 vis
788 2563 1003 2673 hominum,
1029 2577 1097 2652 aut
1116 2565 1248 2651 Deum

313 2735 427 2834 Loco
448 2761 627 2820 movere:
656 2731 749 2822 hinc
766 2733 862 2820 dura
878 2733 1075 2822 neceffitas
1122 2693 1127 2706 i

396 2899 482 3006 1112,
497 2899 562 2986 issa
579 2927 660 2986 non
678 2925 807 3014 aequos
823 2899 991 3010 labores,

480 3071 563 3152 Aut
578 3067 727 3152 homini
745 3067 851 3153 bona
868 3067 948 3156 fert
962 3061 1148 3182 inempta.

318 3237 385 3320 An
400 3251 445 3317 tu
463 3233 541 3340 iila,
567 3235 706 3320 nostris
725 3263 810 3350 quae
826 3235 949 3324 modo
964 3223 1129 3326 iidinus

318 3399 510 3490 Bacchum
529 3401 658 3508 terris,
684 3401 800 3514 bella,
828 3423 895 3490 tot
908 3404 1059 3492 urbium

266 3678 268 3687 Ι
398 3569 548 3656 Graves
564 3567 707 3675 ruinas,
733 3587 798 3656 tot
811 3571 979 3656 virorum

478 3742 644 3842 Funera,
671 3736 949 3851 perpetuasque
966 3739 1106 3844 clades,

317 3905 506 3988 Praesente
521 3905 691 4015 quamvis
706 3901 864 3990 consilio
878 3923 1034 4017 potens,

318 4073 412 4157 Solo
425 4073 570 4157 Latino
590 4091 765 4157 avertere
785 4071 972 4186 quiveris?

395 4239 551 4349 Deique
569 4239 766 4322 decretum
784 4233 973 4356 refringas

476 4407 589 4494 Duro
605 4403 812 4492 adamante
830 4425 892 4491 tot
910 4425 1001 4492 aute
1017 4403 1124 4491 seclis
