3138 5142
309 355 358 445 ⁸4
540 344 717 424 Manen
742 341 1061 422 Hrarounur
1087 335 1227 424 Vruu

308 571 416 674 Ergo
434 583 521 672 age,
536 555 728 640 arrestam
744 554 969 658 Ausoniam,
995 563 1037 637 ετ
1056 573 1216 664 puratm

309 727 463 813 Publica
476 731 643 832 Europe
656 747 754 806 voca
769 719 820 804 ad
834 747 943 804 mma
956 745 1083 836 reges,

313 899 478 1012 Jamque
494 885 712 1000 spumosum
727 884 881 972 videam
894 887 1017 972 latere

474 1053 660 1142 Claffibus
675 1079 820 1165 aequor.

313 1233 405 1314 Hoc
418 1239 534 1310 arent
549 1247 686 1306 omnes
702 1219 806 1327 Itali,
832 1217 1054 1330 exterique:

315 1391 498 1476 oerum
512 1387 660 1474 ennon
681 1385 820 1470 animi:
848 1346 1005 1495 paratur

134 1671 141 1686 ο
314 1557 455 1644 Martia
473 1552 523 1638 ad
537 1553 719 1665 praeclara
736 1571 871 1662 opera,
898 1561 939 1637 &
953 1549 1106 1634 labores

476 1719 636 1806 Pulchra
654 1720 847 1830 juventus.

314 1887 402 1998 Ipse
416 1913 507 2000 ego,
532 1885 705 1999 quamuis
722 1883 796 1970 alia
814 1884 940 1968 nitere

317 2063 432 2138 Mens
449 2073 533 2138 erat
548 2051 672 2157 huno,
697 2047 817 2134 ardeo
833 2071 937 2134 nune
955 2076 1087 2135 amore

320 2219 472 2328 Martis,
498 2243 794 2330 armorumque:
820 2219 880 2302 tui
897 2217 1133 2332 relinquunt,

482 2383 647 2491 Phoebe,
671 2384 832 2468 calores.

321 2554 442 2638 Nunc
456 2569 598 2636 vocant
614 2571 717 2636 artes
732 2547 834 2634 alia:
859 2551 966 2664 juvet
984 2581 1049 2637 nne

323 2722 413 2834 Jam
434 2745 591 2832 gravem
610 2719 703 2802 ferri
718 2719 933 2831 strepitum,
959 2719 1144 2831 tubasque

323 2881 513 2972 Horridau
530 2885 676 2991 audire,
699 2886 807 3000 juvet
825 2906 980 2972 ruentes

485 3051 657 3134 Cernere
673 3068 831 3136 turmas.

328 3223 418 3334 Jam
443 3215 539 3300 mihi
556 3214 712 3300 densum
730 3215 866 3300 videor
884 3241 956 3326 per
969 3240 1111 3333 agmen

327 3381 478 3468 Caffide
501 3383 660 3468 inclusus
675 3403 792 3494 caput
806 3383 993 3468 insuetum

325 3551 477 3634 Funera
491 3545 727 3634 horrendum
743 3549 827 3634 fera
840 3547 1061 3635 lirlminanti

491 3721 679 3832 Spargere
694 3715 842 3801 dextra.

329 3887 427 3970 Non
450 3911 527 3996 ego
541 3913 614 3994 pro
629 3905 683 3988 te,
709 3881 935 3994 laribusque,
963 3893 1004 3970 &
1020 3883 1095 3968 arie

328 4056 521 4135 Horreum
538 4073 732 4136 extremos
752 4070 957 4161 penetrare
976 4049 1027 4134 ad
1043 4043 1185 4152 Afros;

328 4217 426 4302 Non
443 4241 519 4330 ego
536 4218 737 4306 Xanthum
759 4217 870 4328 galea
889 4243 980 4302 cava
999 4245 1068 4327 po·

488 4401 572 4470 tare
587 4411 659 4471 uec
675 4382 824 4468 Indum.

1327 4389 1497 4480 Pulveris
1542 4513 1543 4522 Ν
