3138 5142
467 299 775 429 Bputrrcupr
820 299 1001 380 Ltull.
1106 337 1125 386 ι
1267 335 1317 412 43

145 516 388 605 Protinus&
407 517 551 634 longos
567 513 619 602 td
635 515 783 614 eutium
804 511 970 600 tendere
988 541 1119 602 ramos

144 689 223 769 Pro
237 685 427 796 munibus,
444 685 621 797 duroque
634 681 779 770 includi
795 681 959 795 pedion
970 683 1085 770 libro.

86 967 93 980 Ι
144 851 211 944 Ah
227 852 424 940 miseram!
454 853 585 940 subito
597 849 704 938 stetit
718 850 798 936 acri
813 847 935 968 cordp
945 847 1086 936 dolore

144 1019 315 1129 Saucius,
341 1021 608 1137 infiguemque
624 1018 824 1132 &petitore
836 1017 941 1128 rupit
955 1017 1155 1128 amictum,
1259 1049 1317 1116 ror

143 1186 274 1272 Pittus
290 1215 363 1274 acu
379 1187 518 1274 molles
531 1189 680 1274 tunicas
696 1211 819 1300 opera
832 1209 949 1272 turer
964 1191 1113 1272 Serum.

144 1351 251 1438 Tum
266 1355 378 1441 viridi
394 1356 436 1443 in
454 1357 554 1467 ripe,
573 1379 673 1443 carae
690 1353 758 1460 sub
776 1355 937 1470 virginis
959 1353 1111 1464 umbra,

142 1521 327 1632 Implevit
341 1523 488 1619 coelum
505 1523 655 1636 questu,
682 1522 901 1635 diletttque
914 1517 1055 1606 frustra

143 1688 309 1774 Robora
322 1689 548 1803 complexus
562 1689 680 1778 tereti
698 1689 819 1777 dabat
833 1689 962 1776 oscula
976 1688 1099 1804 ligno,

141 1860 195 1941 Et
213 1875 354 1944 tenero
366 1879 525 1970 ereptos
538 1859 582 1944 in
596 1857 745 1954 cortice
761 1857 884 1944 flebat
900 1883 1053 1944 amores
1255 1888 1312 1952 405

142 2023 302 2112 Infelix:
330 2055 414 2111 non
431 2027 583 2142 sceptra
599 2029 788 2133 animum,
813 2053 897 2112 uon
913 2053 1037 2140 regnu
1051 2047 1261 2137 parentum

141 2191 236 2276 Alta
254 2219 414 2282 mouere
432 2214 597 2307 queunt,
623 2219 697 2279 nec
713 2195 856 2306 opimae
872 2195 985 2304 copia
1001 2221 1123 2308 gazae.

141 2362 191 2441 In
210 2361 377 2471 patriam
394 2379 517 2474 negat
530 2361 603 2466 ire,
630 2361 760 2472 placet
777 2379 932 2444 tuntum
949 2361 1049 2446 Itala
1066 2362 1191 2448 tellus.

140 2527 232 2612 Nec
246 2525 663 2638 procuIEridtniripir
681 2523 840 2632 absistit,
862 2533 903 2616 &
921 2551 1082 2610 omnent
1181 2643 1183 2648 ,
1418 2631 1420 2636 ι

139 2691 276 2779 Vitam
291 2693 376 2808 agit
391 2695 434 2779 in
448 2694 672 2802 lachrymis:
699 2691 761 2778 bis
777 2690 891 2778 senos
904 2689 1044 2776 ordine
1061 2691 1210 2779 menses
1256 2727 1313 2791 μα

139 2859 254 2946 Illum
268 2859 368 2948 adeo
382 2861 595 2976 perhibent
610 2861 714 2950 solor
727 2859 872 2948 fleviffe
886 2887 958 2972 per
971 2889 1102 2974 agros,

138 3033 194 3114 Et
209 3029 369 3116 tandem
393 3033 561 3143 Superos
577 3049 753 3116 extrema
768 3053 865 3116 voce
880 3047 1097 3142 precatum,

140 3197 257 3281 Neve
273 3195 394 3284 oculis
411 3197 630 3306 lachryme,
650 3223 729 3284 neu
744 3195 891 3284 deeffet
906 3197 1070 3282 luctibus
1089 3195 1233 3288 humor

140 3365 373 3472 Perpetuus:
401 3367 557 3476 Superis
576 3393 663 3478 quae
678 3385 773 3454 vota
794 3364 927 3450 audita
946 3383 1123 3475 repente.

141 3527 341 3614 Perstutin
352 3529 555 3642 incoepto:
568 3535 718 3646 gemitu
729 3557 892 3619 nemora
903 3534 1036 3618 omnia
1050 3533 1240 3643 complet:
1256 3567 1308 3630 ru

140 3697 241 3782 Non
259 3696 380 3780 oculis
397 3697 612 3806 luchrymae,
633 3728 715 3785 non
732 3697 828 3786 defit
846 3697 1010 3782 lutiibus
1027 3695 1180 3784 humor.

142 3861 307 3946 Solvunt
322 3861 361 3946 se
377 3863 418 3948 in
431 3863 643 3972 lachrymas
656 3887 776 3976 artus,
797 3879 1018 3978 &corpore
1038 3884 1130 3948 toto

141 4028 321 4141 Liquitur
332 4029 487 4138 humor,
507 4031 663 4146 abitque
678 4035 807 4119 omnis
825 4031 1031 4118 conversus
1047 4031 1088 4112 in
1107 4029 1247 4128 undut;

141 4197 208 4284 Fit
224 4197 372 4309 fluvius,
389 4198 573 4314 ctufiique
592 4199 826 4288 breviffiruus
843 4201 923 4286 exit
940 4201 984 4288 in
1002 4194 1166 4302 alveum,

833 4373 866 4454 F
889 4400 910 4449 2
1240 4364 1319 4450 Ad-
