3172 5140
415 345 815 430 l’orrteortum
851 339 962 424 Lrs.
988 343 1043 422 11.
1257 369 1313 444 45

143 560 385 668 Curandum,
403 547 464 668 ut,
485 557 646 672 quando
660 587 745 646 non
757 557 910 670 semper
923 583 1017 644 vera
1031 559 1232 672 prosamur
1258 591 1313 654 305

10 733 13 810 Ι
143 732 373 846 Fingentes,
399 729 536 816 saltem
550 727 626 814 lint
642 729 707 814 illa
722 725 912 814 simillima
926 726 1039 810 veris.

9 865 11 880 ὑ
146 897 239 988 Vidi
258 899 421 1014 aliquos,
445 897 530 1012 qui,
546 920 634 982 cum
646 891 802 984 Glauco
822 893 956 982 medio
971 917 1128 1008 equore
1143 893 1236 980 belli
1422 874 1427 886 ⁸

9 1049 10 1052 Ὺ
147 1064 321 1172 Tydides
338 1065 442 1152 ferus
458 1063 644 1172 occurrit,
667 1061 906 1152 vixeredere
920 1064 1077 1176 possunt

148 1234 235 1318 Tot
249 1233 401 1321 traxisse
415 1259 545 1318 moras
559 1231 688 1346 longis
702 1231 943 1318 sermonibus
959 1231 1050 1318 usos

149 1407 261 1485 Inter
277 1401 357 1488 sese
371 1399 522 1506 ambos,
547 1399 641 1484 dum
657 1395 814 1484 ferrent
828 1399 962 1484 omnia
985 1397 1102 1486 caede.
1263 1429 1320 1494 310

149 1566 264 1652 Alter
278 1571 384 1654 enim
400 1567 488 1653 duri
504 1587 637 1652 narrat
652 1564 737 1652 sera
754 1568 839 1652 sata
855 1569 1039 1684 Lycurgi,

152 1735 325 1820 Crimine
340 1734 515 1820 danmati
530 1731 629 1820 falso
649 1735 749 1820 alter
763 1733 1080 1847 Bellerophontis
1203 1815 1206 1822 Δ

152 1903 273 1988 Fama
287 1901 422 2008 refert,
448 1929 592 2016 magna
609 1900 800 1990 domitam
813 1904 958 1990 virtute
974 1903 1225 2008 Chimaeram,

151 2073 207 2154 Et
222 2071 346 2156 victos
368 2071 517 2182 pariter
530 2071 722 2178 Solymos,
748 2083 789 2158 δι
808 2073 1033 2164 Amazonas
1050 2071 1180 2160 aruris.

153 2239 261 2322 Nam
281 2265 366 2351 quae
382 2237 505 2324 multa
521 2259 666 2324 canunt
682 2229 787 2346 lisia,
814 2250 855 2324 δε
870 2265 954 2322 non
970 2237 1256 2342 creditavates,
1271 2269 1324 2334 315
1477 2331 1483 2346 ‚

156 2403 299 2490 Dulcia
324 2433 402 2520 quo
420 2433 559 2492 vacuas
580 2425 746 2492 teneant
764 2403 966 2492 mendacia
979 2425 1148 2511 mentes,

156 2569 238 2656 Illis
255 2573 356 2658 nulla
375 2574 486 2680 fides,
512 2599 629 2684 quam
644 2597 720 2656 nec
736 2570 806 2657 srbi
822 2570 990 2682 denique
1012 2574 1140 2684 aperti

157 2741 393 2850 Exposcunt,
420 2767 493 2826 nec
508 2735 754 2843 dissimulant,
779 2737 873 2824 licet
888 2737 1023 2824 omnia
1038 2737 1276 2830 obumbrent

159 2903 382 3018 Relligione
397 2911 542 3013 Deum,
568 2931 656 3018 quae
675 2931 757 2990 non
774 2901 968 2992 credenda
984 2907 1204 3018 profantur.

160 3069 313 3157 Idcirco
328 3075 418 3159 solis
434 3073 644 3184 perhibent
660 3093 839 3158 armenta
853 3075 1018 3186 loquuta
1275 3109 1331 3174 3²0

70 3335 86 3352 ὀ
161 3247 337 3346 Mortua,
364 3251 406 3328 &
419 3241 462 3326 in
475 3240 641 3326 verubus
656 3243 833 3330 Vulcano
849 3242 952 3326 tosta
967 3245 1147 3351 colomis,

161 3411 224 3492 Ut
237 3409 363 3494 minus
382 3406 480 3493 acris
499 3435 620 3518 equos
638 3407 775 3494 itidem
793 3409 977 3496 mirentur
987 3411 1162 3518 sennis,

162 3573 370 3702 Verbaque
384 3569 560 3660 veliferas
579 3575 710 3660 rostris
728 3571 865 3662 fudiffe
887 3577 1060 3678 carinam

164 3743 314 3828 Omnia
330 3769 418 3856 quae
436 3762 555 3854 porta
570 3743 734 3828 veniunt
749 3741 939 3830 insomnia
955 3744 1113 3828 eburna.

231 3909 349 3996 Disce
366 3912 501 4016 etiam,
528 3908 678 4020 pulchri
694 3910 767 3996 tibi
781 3909 811 3996 fi
826 3935 918 3994 cura
931 3907 1080 3996 ordinis
1098 3910 1178 3996 ulla
1194 3907 1265 4015 est,
1278 3943 1332 4006 εις

164 4079 248 4162 Res
265 4097 417 4178 tantum
434 4075 551 4162 semel
565 4075 695 4162 ellari:
725 4079 893 4190 repetita
906 4077 966 4164 bis
983 4107 1094 4164 aures

164 4249 286 4332 Ferre
303 4266 465 4361 negant,
492 4243 656 4334 subeunt
670 4243 782 4334 fellas
799 4245 951 4334 fastidia
969 4264 1142 4332 mentes:

1202 4409 1339 4520 Qan-
