3138 5142
444 335 742 420 Eomrrcum
777 335 884 424 Lu.
913 305 968 420 1'1.
1233 370 1281 443 37

116 553 267 640 Instant
280 549 477 661 ardentes,
496 573 644 665 quanta
658 553 834 640 nitanurr
849 582 971 666 opum
989 552 1050 642 vi?
1390 631 1394 638 .

116 715 253 804 clausa
270 720 400 806 obstat
414 719 568 826 ἀοωιιε,
588 717 702 806 &fili
719 721 951 814 denfiffimus
963 720 1094 848 ordor
1228 743 1283 800 260

8 917 12 964 r
115 889 206 972 Nec
219 913 343 992 mora,
366 913 440 974 nec
454 887 621 1000 requies,
640 889 830 1006 vestigent
843 891 978 976 omnia
992 891 1150 995 circum,
1224 971 1226 976 .

116 1054 407 1166 Explorantque
424 1053 552 1142 aditus
566 1082 718 1162 onmes,
744 1057 774 1142 fi
796 1083 872 1171 <pn
887 1059 993 1167 potis
1012 1077 1124 1144 extra

116 1224 334 1331 Rumpere,
355 1232 397 1306 ὅτ
413 1239 561 1332 optata
577 1223 723 1306 rursum
742 1221 782 1308 se
795 1221 960 1309 reddere
976 1223 1066 1312 luci.

58 1437 66 1450 ·
116 1393 243 1472 Ecce!
272 1409 402 1470 autem
420 1389 606 1534 utpostro
620 1388 756 1474 follem
771 1389 982 1476 terebravit
995 1412 1126 1502 acuto,

117 1555 299 1639 Protinus
314 1552 484 1664 erumpit
497 1553 592 1684 (visu
607 1553 781 1640 mirabile
797 1557 1025 1674 monstrum)
1234 1585 1287 1654 arr
1447 1605 1449 1610 ·

119 1719 237 1804 Alitis
253 1719 294 1804 in
310 1748 438 1832 parva
449 1722 621 1826 bombyx
632 1721 797 1808 colledta
812 1723 989 1836 figuram,

118 1895 173 1970 Et
189 1914 292 1972 nova
308 1887 493 1974 se'rerum
510 1886 629 1974 facies
649 1887 878 1974 mirantibus
893 1891 1022 1978 offert.

117 2056 227 2137 Nam
245 2080 331 2164 quae
344 2053 464 2168 longa
476 2055 553 2138 firit
571 2056 678 2140 tinea
692 2056 802 2161 olim,
822 2055 868 2140 fit
881 2057 975 2144 levis
994 2061 1063 2144 alis

118 2219 282 2329 Papilio,
305 2220 422 2305 tineae
439 2223 630 2330 pallentes
647 2221 834 2306 concolor
849 2244 967 2309 artus.

117 2391 227 2500 Ergo
246 2384 461 2470 carceribus
475 2413 562 2468 cum
582 2389 686 2496 rupit
700 2386 823 2471 multa
840 2389 943 2474 viam
959 2393 1029 2500 vis,
1232 2425 1288 2498 ara

118 2559 174 2640 Et
192 2551 272 2636 sese
287 2551 396 2635 caecis
413 2551 548 2660 popuii
561 2553 740 2661 eripuere
755 2555 925 2640 tenebris

122 2719 285 2832 Aligeri,
306 2737 424 2830 atque
440 2717 580 2802 iterum
599 2719 692 2804 lucis
705 2745 850 2804 venere
871 2721 942 2806 sub
956 2747 1081 2826 auras,

121 2889 285 2968 Haerent
303 2885 462 2968 attoniti
477 2912 606 2970 rerum
622 2888 815 2992 novitate,
833 2915 961 2998 neque
976 2887 1122 2974 audent

121 3051 306 3164 Remigio
322 3050 465 3136 alarum
486 3053 526 3135 se
546 3075 685 3164 aperto
698 3051 856 3140 credere
878 3055 1006 3140 coelo:

121 3215 400 3327 Diffimilesque
418 3217 472 3300 sui
489 3221 607 3302 tacite
620 3247 722 3304 nova
734 3247 901 3328 corpora
918 3222 1045 3344 focum
1232 3253 1284 3315 ur

121 3383 272 3488 Mirari,
292 3381 420 3466 forma
436 3411 508 3468 nec
524 3384 602 3468 sese
617 3384 828 3498 agnoscere
846 3385 884 3472 in
902 3387 978 3470 ilia

122 3547 284 3632 Cornua
296 3549 486 3634 mirantur
500 3546 640 3659 fronti,
659 3552 848 3638 mirentur
862 3565 903 3638 δι
919 3555 1011 3660 aias,

115 3703 175 3800 'Et
189 3713 287 3799 vires
305 3716 362 3799 nil
376 3715 490 3826 supra
508 3715 653 3801 audent
668 3737 823 3804 tentare
838 3718 988 3830 priores

121 3881 259 3987 Diffifi,
283 3881 549 3995 memoresque
564 3885 639 3970 sui:
669 3855 838 3972 sedtum
852 3913 978 3998 neque
994 3887 1151 4001 gustant

121 4049 277 4156 Pabula,
302 4077 375 4136 nec
390 4051 479 4135 vitae
492 4071 669 4164 quaerunt
683 4051 868 4138 alimenta
884 4054 1045 4166 prioris:
1232 4083 1288 4144 aso

119 4217 274 4306 Tantus
292 4215 418 4308 adbuc
432 4245 626 4314 memores
644 4217 763 4308 timor
783 4218 861 4308 atri
873 4219 1026 4310 detinet
1045 4223 1154 4313 Orci.

1174 4393 1291 4476 Nunc
