3172 5140
273 337 323 425 36
499 325 675 404 Mirer
713 317 1036 404 Hrtronrnrr
1072 323 1217 406 Vror

338 539 485 622 Primus
500 553 543 618 at
558 532 625 616 ille
640 533 752 618 labor
770 531 882 620 versu
898 533 1060 620 tonuiffe
1075 535 1275 650 legentem
1364 537 1367 544 ’

268 695 513 817 Suspensum,
535 703 804 814 inuentumque
820 701 899 808 diu,
925 703 993 814 qui
1006 701 1176 818 denique
1193 731 1322 792 rerum

267 883 440 959 Eventus
457 889 663 958 maneant:
691 895 773 982 quo
785 869 944 956 tandem
963 868 1080 954 durur
1093 863 1285 958 Achilleo
1384 905 1443 956 roo

267 1051 433 1126 Munere
452 1040 623 1153 placante
638 1039 722 1152 regi
742 1037 888 1122 rursum
907 1037 1045 1124 induat
1064 1063 1170 1122 erma

268 1217 316 1292 Iu
332 1213 529 1295 Teucros:
554 1206 705 1321 cujusve
721 1201 802 1289 Dei
821 1205 999 1290 Laertius
1013 1207 1130 1293 heros

268 1377 439 1484 Auxilio,
462 1359 713 1486 Polypheme,
729 1372 805 1456 tuit
820 1372 960 1456 eredat
975 1377 1026 1458 rb
1041 1378 1183 1460 antrir:

264 1545 455 1628 uectores
468 1541 598 1653 cupidi
617 1543 839 1652 expectant,
857 1537 1073 1654 durantque
1091 1544 1283 1650 volenter,

268 1715 359 1796 Nec
377 1707 548 1822 perferre
560 1725 709 1818 negant
721 1705 891 1818 superest
902 1705 1160 1826 quodcunque
1177 1711 1368 1816 labonun,
1384 1731 1438 1802 105

270 1876 368 1962 Inde
386 1877 478 1960 licet
493 1868 609 1958 fessos
626 1871 783 1958 somnus
800 1873 928 1985 gravit
943 1893 1082 1957 avocet
1098 1897 1218 1984 artur,

270 2049 354 2132 Aut
368 2044 490 2154 epulis
505 2039 693 2153 placanda
710 2037 847 2148 fames,
876 2037 1104 2152 Cererisque
1119 2043 1268 2128 libido:

270 2211 361 2296 Hoc
377 2209 554 2316 studium,
578 2207 680 2292 hunc
695 2233 857 2318 operam
873 2208 959 2292 sem
978 2206 1209 2294 dimittimus
1223 2213 1330 2324 egri.

270 2379 421 2462 Nonne
433 2377 539 2464 uides
557 2397 601 2462 ut
621 2377 721 2488 saepe
736 2377 871 2487 aliquis
888 2377 1003 2461 nimis
1019 2395 1105 2459 arte
1122 2377 1292 2486 superbit
1430 2397 1437 2432 ²

271 2537 492 2654 Improbur,
511 2557 553 2632 ut
565 2543 689 2654 captis
704 2544 841 2630 animis
857 2543 1017 2630 illudere
1034 2543 1194 2658 gaudet,
1387 2573 1443 2628 no

272 2719 327 2800 Et
341 2739 444 2800 nunc
460 2711 549 2818 huc,
575 2711 717 2798 deinde
734 2709 811 2796 huc
824 2733 975 2797 mentes
991 2710 1149 2797 deducit
1160 2711 1326 2821 hiantes,
1431 2781 1437 2790 .

272 2877 556 2988 Suspenditque
575 2875 642 2958 diu
655 2875 827 2980 miseros,
853 2895 1089 2988 torquetque
1104 2879 1307 2991 legentes?

272 3043 345 3128 rlle
362 3031 519 3156 quidem
536 3040 565 3126 st
580 3060 621 3124 te
636 3067 818 3152 magnum
831 3061 1029 3124 certamen
1043 3043 1193 3130 Atride

273 3219 328 3304 Et
340 3208 499 3317 Paridis,
514 3207 639 3296 multo
655 3207 879 3320 promissum
892 3207 1063 3294 carmine
1074 3237 1213 3322 nuper,

272 3381 490 3492 Expectare
510 3376 663 3466 avidum
675 3375 847 3489 saevrque
862 3377 1042 3490 cupidine
1054 3401 1214 3490 captum
1389 3415 1440 3476 ιις

276 3547 458 3656 Senserit,
485 3547 604 3660 usque
621 3569 749 3630 moras
764 3545 896 3630 trahet
908 3545 1025 3651 ultro,
1052 3558 1093 3633 δι
1107 3547 1262 3632 differet
1276 3571 1396 3654 rnna,

274 3701 503 3802 Duu't'cello
516 3713 670 3798 Priamo
686 3711 932 3825 patribusque
950 3733 1091 3796 eturre
1105 3718 1281 3820 herena,

275 3883 453 3969 Nomine
469 3903 662 3995 quemque
677 3875 759 3982 suo,
786 3905 898 3990 reges
913 3880 1082 3964 ostendit
1096 3879 1279 3966 Achivos.

275 4048 364 4157 Ipsa
379 4075 521 4159 procos
539 4046 659 4130 etiam
674 4065 718 4128 ut
730 4045 835 4158 juffit
851 4069 999 4130 certare
1015 4047 1164 4159 sagittis

275 4217 485 4332 Penelope,
511 4229 666 4334 optatas
685 4213 922 4332 promittens
938 4214 1204 4309 collidutaedas
1389 4241 1444 4296 no

1276 4382 1442 4492 videri,
