3170 5150
279 367 334 447 74
507 347 686 426 Mercu
723 342 1046 426 Hrrnouunrr
1083 341 1229 428 Vruu

191 541 194 548 ⁴
278 555 468 670 Undique
479 572 555 668 per
562 555 700 640 Latios
718 566 760 642 dr
771 555 862 642 ciris
876 567 918 642 ὅτ
935 553 1086 640 advena
1100 561 1260 646 trastus.

277 723 517 842 Jamdudum
531 723 653 808 nostri
668 721 776 808 ceffit
789 721 976 808 sermonis
999 723 1169 834 egestas:

276 895 387 980 Raro
402 892 499 978 uber
512 891 649 1002 patrioe
660 889 735 974 tibi
748 915 839 974 rnro
855 890 1058 1000 opulentia
1076 891 1215 976 deerit.

273 1063 365 1172 Ipse
380 1060 455 1144 suis
467 1058 610 1144 Cicero
624 1055 810 1140 tlresanris
823 1056 958 1140 omnia
975 1079 1146 1166 promet,
1390 1084 1446 1156 ιη

274 1223 605 1339 Autoresque'nlii
621 1225 706 1308 nati
719 1219 892 1312 felicibus
909 1225 1020 1308 annue
1145 1277 1149 1284 -

272 1393 422 1480 Omnia
436 1392 640 1500 sufficient,
666 1417 739 1476 nec
762 1391 851 1476 solis
866 1389 982 1475 crede
996 1392 1138 1502 poetis.

346 1567 456 1672 Saepe
468 1561 589 1644 etiarn
602 1555 682 1642 vidi
695 1574 871 1641 veterum
887 1558 991 1642 inter
1005 1559 1177 1644 carmina
1190 1577 1323 1644 vatum

268 1725 478 1814 Barbarico
493 1722 624 1810 versus
639 1721 761 1826 cultu,
787 1749 962 1836 gazaque
978 1723 1185 1835 superbos;
1225 1746 1228 1752 ’

270 1893 504 2006 Belgicaque
520 1889 676 1976 immifit
693 1908 802 1974 trans
818 1889 938 2002 Alpes
953 1890 1080 1976 effedn
1099 1891 1234 1976 Gallus
1385 1928 1442 1986 290

270 2065 320 2144 In
332 2059 501 2164 Latium,
527 2069 569 2144 ὅτ
584 2057 705 2172 longe
721 2054 932 2144 Macedrun
945 2083 1087 2142 venere
1103 2057 1257 2142 sarissae:

270 2232 326 2311 Et
339 2243 513 2311 metuam
530 2249 583 2310 ne
598 2223 755 2312 deficiat
766 2251 829 2310 me
841 2223 950 2338 larga
963 2221 1132 2336 supellex

95 2463 100 2470 .
268 2389 506 2502 ¹Verborum,
531 2391 757 2510 angustique
769 2410 923 2502 premat
941 2390 1128 2476 sermonis
1145 2393 1318 2508 egestas?
1392 2488 1393 2491 p

340 2558 453 2673 Qin
469 2571 511 2647 &
525 2561 628 2646 vista
645 2559 732 2664 srtu,
758 2557 866 2642 fine
882 2557 1044 2669 penuria
1060 2557 1204 2664 aduxit,

269 2725 402 2814 Verba
415 2727 508 2813 licet
525 2751 728 2834 renovare,
753 2683 846 2812 licet
862 2745 943 2834 tua,
970 2727 1296 2833 lindavetustnu
1385 2763 1437 2825 ης

270 2891 434 2981 Vatibus
449 2891 655 3007 indugredi
674 2892 837 2977 sacraria
848 2888 870 2970 τ’
886 2891 1022 3003 saepius
1039 2893 1109 2978 olli

270 3059 413 3145 AEtatis
430 3056 604 3170 gaudent
619 3057 828 3174 iullguibus
843 3056 1033 3170 antiquai,

269 3233 325 3312 Et
340 3241 515 3311 veterum
528 3245 689 3310 ornatus
708 3225 836 3311 induti
850 3224 1031 3310 incedere
1049 3251 1221 3312 avorum.

269 3393 370 3478 Non
385 3409 518 3476 tamen
536 3389 602 3475 ille
616 3410 727 3478 vetus
743 3390 896 3507 squalor
907 3389 994 3476 fuat
1011 3393 1182 3506 undique
1202 3405 1243 3480 dr
1259 3412 1344 3478 nter

91 3651 98 3661 ,
269 3558 487 3648 Verborum
504 3556 617 3642 fitur:
644 3560 706 3642 hie
722 3559 861 3642 modus
872 3559 970 3644 adfit
985 3558 1169 3672 denique,
1185 3558 1344 3674 quando
1379 3592 1438 3654 300

268 3725 397 3834 Copia
412 3752 495 3808 non
510 3724 607 3809 defit
620 3749 788 3837 quorum
803 3753 906 3810 nunc
924 3725 1079 3836 pervius
1100 3721 1198 3814 usus.

338 3891 446 3974 Tum
460 3916 617 4002 quoque
632 3889 660 3973 fi
676 3890 842 3975 deerunt
857 3889 971 3973 rebus
990 3890 1056 3974 sua
1069 3895 1232 3978 nomina
1249 3913 1370 4002 certa,

264 4063 343 4146 Fas
358 4057 441 4142 illas
459 4076 553 4166 apta
570 4056 776 4142 verborum
799 4056 946 4141 ambire
964 4083 1125 4164 corona,

266 4231 320 4311 Et
339 4223 417 4310 late
433 4220 666 4310 circumfusus
681 4215 962 4340 comprendere
976 4222 1102 4313 dinis.

1305 4363 1448 4482 Verba¹
