3170 5150
264 363 315 438 δι
489 355 668 435 Meum
705 353 1029 436 Hrruoterur
1066 351 1214 438 lirun

259 579 418 660 Interea
433 567 535 653 fidos
547 565 630 651 adit
647 566 752 654 haud
766 565 917 653 securus
933 563 1098 673 aoricos3

259 745 401 852 thue
416 735 540 822 velint
556 736 754 822 inimicum
770 734 956 838 animum,
980 727 1198 848 frontisque
1212 736 1354 823 severa

256 907 373 992 Dura
388 903 588 1017 supercilia
604 903 782 1010 induere,
807 913 850 989 uc
864 929 948 986 non
968 925 1129 1013 parcere
1147 904 1284 1015 culpae,

259 1081 347 1162 Hos
364 1073 506 1158 iterum
521 1093 640 1185 atque
655 1071 798 1157 iterum
813 1087 954 1186 rogan
969 1065 1265 1186 admonitusque
1274 1072 1435 1162 latentis

259 1243 409 1370 Grates?
420 1239 532 1324 laetus
544 1239 629 1355 agit
644 1238 743 1343 vitii,
767 1249 809 1326 ὅτ
824 1253 987 1348 peccata
1003 1231 1153 1323 fatetur
1175 1356 1177 1360 Ι
1375 1279 1435 1337 47⁰

256 1411 409 1520 Sponte
426 1409 506 1516 sua,
532 1407 705 1520 quamvis
721 1407 841 1493 etiam
861 1401 1069 1490 damnetur
1085 1403 1222 1519 lniquo

256 1577 429 1692 Judicio‚
447 1588 489 1664 δε
503 1570 641 1660 falsum
656 1591 777 1687 queat
792 1598 863 1657 ore
880 1567 1058 1656 refellere
1072 1571 1232 1658 crimen.

255 1744 365 1832 Tum
378 1741 540 1828 demum
555 1741 673 1848 redit,
700 1752 742 1828 uc
757 1739 844 1852 post
862 1738 983 1852 longa
998 1737 1143 1826 oblivia
1163 1765 1236 1850 per
1253 1739 1316 1824 le*

215 1991 224 2006 ,
255 1911 402 2023 Incipit
419 1907 484 1996 hic
501 1909 578 1994 illic
592 1926 768 1993 veterem
783 1906 986 2019 explorare
998 1905 1187 1990 laborem.

255 2083 523 2165 Eccelautem
533 2095 625 2162 aute
636 2068 1027 2178 oculosnovasefert
1036 2072 1208 2186 undique
1216 2073 1429 2192 imugo,475
1536 2121 1543 2132 -

255 2245 398 2360 longe
415 2245 490 2330 aliu
502 2243 599 2331 heu!
619 2241 738 2330 facies
757 2269 902 2350 rerum,
927 2257 1154 2352 mutataque
1170 2239 1221 2325 ab
1234 2240 1309 2362 illis

257 2411 457 2540 cumina,
466 2439 552 2525 quae
562 2429 717 2498 tantum
734 2429 842 2514 ante,
856 2435 992 2494 recens
1003 2407 1429 2539 conferlucebant.

254 2577 424 2665 Miratur
440 2581 596 2688 tacitus,
620 2605 695 2664 nec
711 2577 750 2661 se
769 2574 971 2690 cognoscit
988 2575 1032 2660 in
1049 2573 1123 2662 illis

253 2751 482 2858 Inmemor,
506 2769 625 2863 atque
642 2773 804 2858 openun
823 2743 948 2858 piget,
966 2769 1013 2828 ac
1024 2717 1104 2828 sele
1119 2743 1294 2858 increpat
1307 2745 1427 2832 ultro.

254 2911 362 2998 Tum
376 2915 564 2998 retrudat
580 2937 694 3022 opus,
719 2911 916 2994 commiffa
932 2909 1225 3021 piaculadotlae
1366 2933 1427 3004 4⁸0

253 3079 417 3166 Palladis
433 3098 518 3162 arte
533 3079 665 3164 luens:
678 3103 793 3162 nunc
809 3073 906 3184 haec,
923 3105 1028 3164 nunc
1041 3077 1168 3192 rejicit
1183 3077 1261 3186 itu,

255 3245 406 3333 Omnia
422 3261 510 3329 tutu
526 3244 683 3355 timens,
708 3243 947 3357 melioraque
966 3241 1104 3331 sufficit
1121 3244 1209 3351 illis,

254 3413 529 3526 Attondetque
545 3439 677 3497 comas
692 3412 896 3529 stringens,
915 3411 1135 3525 sylvamque
1150 3411 1353 3517 fluentem,

253 3581 543 3694 Luxuriemque
558 3580 782 3688 minutatim
796 3579 969 3692 depascit
987 3580 1159 3684 inanem,

253 3752 446 3832 Exercens
462 3747 603 3832 durum
618 3745 842 3859 imperium:
870 3747 963 3832 dum
977 3741 1151 3831 fundittu
1165 3770 1339 3852 ornnem,
1364 3767 1421 3839 μς

252 3913 791 4026 Nodlurnisinstansoperis,
815 3914 1021 4026 operisque
1037 3912 1199 4018 diurnis,
1453 3873 1457 3882 ¹

253 4081 432 4168 Verlibus
447 4080 588 4166 eluerit
603 4080 745 4189 labem,
771 4091 813 4167 δι
828 4081 1024 4174 tommiffa
1038 4081 1167 4193 piarit.

255 4249 407 4348 Arduus
423 4249 487 4335 hic
504 4247 637 4335 labor:
666 4245 878 4334 lucentem
893 4245 1044 4357 durate,
1064 4267 1211 4362 poete,
1254 4341 1258 4348 ⁴

1284 4413 1425 4500 Gloria
