3172 5140
396 337 782 422 l’or‘rrcorun
811 339 924 426 er.
954 337 1008 420 11.
1231 371 1284 450 41

111 559 209 644 Fari
227 583 297 643 ca:
324 582 409 641 rem
423 552 558 639 credas
574 551 652 639 hoc
666 519 788 664 ipsam
805 531 978 666 poscere,
1004 552 1062 636 ita
1076 555 1200 643 astum

113 723 382 832 Diffimulant',
409 719 762 834 aditusquepetunt
776 721 890 832 super
908 723 1042 808 omnia
1053 722 1204 810 molles.

117 894 205 976 Cur
220 913 334 1004 pater
346 887 532 976 Anchises
548 909 684 976 natum
702 909 929 1002 opportuna
946 909 1156 1004 rogantem
1238 927 1290 987 215

118 1063 221 1147 Non
237 1062 393 1166 doceat,
420 1055 594 1142 rursusne
610 1056 749 1142 animae
765 1055 1050 1143 semelaethere
1064 1061 1173 1146 calsae
1217 1135 1219 1140 ,

119 1226 189 1326 nd
205 1229 354 1342 coelum
371 1224 550 1333 redeant,
574 1222 786 1336 blandique
801 1223 852 1309 ad
867 1224 1024 1310 lmninis
1041 1199 1176 1314 auras?

123 1403 269 1510 Igneus
289 1421 392 1480 anne
407 1393 493 1477 ollis
509 1395 637 1506 vigor,
663 1403 705 1478 bt
719 1373 887 1477 coelestis
905 1393 1022 1508 origo

127 1565 361 1670 Seminibus,
387 1581 576 1676 quantum
592 1588 675 1644 non
691 1559 810 1644 noxia
826 1537 994 1672 corpora
1011 1561 1196 1650 tardant?

128 1729 475 1846 Qandoquidem,
484 1749 529 1814 ut
538 1729 687 1815 varium
699 1703 747 1812 srt
756 1755 1010 1844 opus‚namq;
1019 1731 1112 1817 inde
1121 1731 1302 1846 voluptas

129 1901 258 1984 Grata
275 1899 398 2003 venit,
419 1896 535 1982 rebus
548 1923 631 1980 non
646 1893 765 2008 usque
783 1897 948 1984 haerebis
961 1898 1005 1982 in
1017 1896 1177 2018 iisdem..

21 2027 22 2032 i
133 2069 279 2156 Vemm
295 2066 363 2152 ubi
378 2064 436 2152 vis
450 2061 588 2148 animis
606 2063 731 2150 varius
747 2059 966 2150 succurrere
979 2063 1096 2175 feffis,

133 2227 428 2348 Ingrederisque
447 2255 568 2314 noras
585 2230 718 2340 facies,
745 2207 953 2346 rerumque
966 2233 1123 2346 figuras,

134 2402 321 2486 Paulatim
337 2417 455 2511 capto
472 2400 607 2509 primis
623 2400 804 2485 delabere
822 2399 968 2508 coeptis

137 2567 352 2680 Tempore,
376 2593 451 2655 nec
468 2567 602 2680 postris
621 2564 710 2664 infit
726 2565 917 2650 violentia
934 2565 1070 2650 rebus:
1251 2597 1309 2666 εις

139 2733 286 2822 Omnia
303 2735 443 2848 sponte
458 2735 525 2823 sua
542 2733 716 2842 veniant,
741 2733 940 2844 lateatque
955 2732 1124 2847 vagandi

139 2903 275 2988 Dulcis
295 2931 418 3011 amor,
445 2907 700 3016 cundlamque
716 2927 859 3015 potens
874 2901 986 2988 labor
1002 2905 1156 2988 occulat
1172 2923 1321 2991 artem

141 3069 202 3156 Sic
218 3071 315 3156 olim
332 3079 463 3162 AEneae
478 3073 632 3157 venturi
647 3071 753 3158 haud
766 3070 904 3158 inscius
921 3071 993 3158 aevi

142 3239 223 3322 Res
239 3239 381 3324 Italum
399 3241 442 3325 in
458 3241 610 3352 clypeo,
636 3241 983 3352 Romanorumque
997 3208 1232 3353 triumphos,

142 3409 306 3491 Fecerat
322 3407 567 3522 Ignipotens,
593 3427 844 3520 pugnataque
861 3405 905 3490 in
920 3403 1060 3492 ordine
1077 3408 1193 3515 bella,
1258 3441 1315 3506 ²30

143 3573 280 3684 Stirpis
297 3573 347 3658 ab
364 3573 533 3658 Ascanio
552 3573 751 3686 quondam
767 3599 890 3687 genus
910 3599 1029 3658 omne
1046 3575 1232 3660 litturum.

143 3739 250 3826 Tum
269 3741 299 3827 fi
315 3743 401 3853 quis
414 3743 533 3826 Latio
547 3762 674 3826 cretus
690 3739 741 3825 de
759 3735 944 3854 sanguine
959 3761 1070 3829 vates

144 3907 393 4023 Prosequitur
408 3911 534 3996 varias
548 3935 651 4015 oras,
677 3908 881 4022 moresque
898 3909 1104 4028 locorum„

145 4073 377 4192 Medosque,
402 4075 695 4190 AEthiopasque,
722 4075 882 4164 &dites
902 4078 1051 4168 arboris
1069 4076 1212 4180 Indos;

147 4243 362 4334 Immemor
379 4245 444 4332 ille
459 4245 574 4334 nimis
589 4245 740 4358 patrie,
766 4242 954 4335 oblitusve
971 4245 1141 4350 suorum,
1264 4275 1317 4341 ης

840 4415 873 4494 F
1282 4411 1321 4492 Si
