3172 5140
422 343 796 423 Pot‘rroonuu
839 339 948 420 Lu.
975 339 1028 418 Π.
1261 361 1309 442 39

9 529 10 620 i
137 557 442 674 Digredinntor,
467 565 510 642 &
527 553 641 642 obliti
658 553 916 669 quaiiooepta
930 555 1062 666 priora

135 731 283 839 Longe
296 725 380 810 aliis
393 722 545 808 haerent
561 721 668 806 nulla
684 718 924 806 sermonibus
941 741 1042 828 arte,

135 898 195 976 Et
209 875 353 1006 longos
368 905 582 1002 peragrant
599 889 744 974 tractus
762 889 888 974 aliena
905 908 1104 974 canentes.

139 1059 321 1144 Acvelut
334 1057 377 1140 in
389 1057 557 1169 patriam
571 1055 780 1170 peregrina
793 1055 822 1144 fi
836 1057 923 1168 quis
945 1055 994 1140 ab
1011 1082 1083 1141 ora
1257 1091 1312 1154 170

8 1323 9 1358 Ν
136 1230 205 1355 Ire
220 1225 329 1337 cupit
347 1223 621 1336 potentinum,
646 1221 838 1335 durosque
850 1224 1034 1352 laboresp

139 1362 215 1476 lile
230 1412 364 1478 tamen
379 1395 490 1478 recto
505 1419 589 1477 non
609 1417 688 1502 qua
702 1389 765 1476 via
780 1389 938 1474 tramite
955 1388 1065 1476 ducit

142 1560 282 1671 Carpit
299 1557 389 1664 iter,
414 1559 483 1644 sed
498 1584 604 1644 none
619 1583 739 1672 vagus
754 1557 841 1664 hac,
867 1585 973 1643 nunc
989 1575 1093 1642 errat
1108 1555 1263 1666 &illac²

129 1725 330 1840 'Undique
347 1724 440 1810 dum
455 1725 581 1812 studio
596 1723 729 1808 fontes
740 1723 866 1811 invisit
880 1724 1006 1829 inani,

141 1895 379 2007 Fontesque‚
392 1894 618 2006 fluviosque,
643 1903 685 1977 δι
698 1917 879 1980 amoenos
894 1887 1044 2004 frigore
1062 1892 1183 1977 lucos.
1256 1930 1306 1988 m

142 2061 249 2144 Nam
265 2060 363 2172 quid
378 2089 478 2172 opus
491 2058 655 2174 gemmis
672 2077 844 2142 annatos
858 2059 1020 2172 pingere
1035 2085 1181 2167 currus,
1293 2071 1299 2082 “

140 2227 270 2312 Multa
283 2224 474 2338 superque
489 2246 609 2332 rotas,
637 2226 853 2338 superares
872 2226 993 2308 multa
1008 2226 1153 2320 morari

139 2393 467 2500 Tunncumbelia
475 2388 1307 2505 manusposennt,atquearmasremitMars?

139 2561 232 2644 Nec
243 2558 403 2673 siquem,
421 2559 722 2670 indecoremque
736 2558 869 2662 animi,
887 2555 1110 2670 pugnasque
1126 2559 1314 2668 perosum-

139 2728 332 2839 Egregios
350 2730 454 2812 inter
469 2751 662 2814 memoras
679 2725 819 2808 heroas
839 2723 880 2805 in
896 2721 1014 2806 armis
1252 2745 1308 2801 :eo

141 2893 276 2978 Castra
291 2893 412 3008 sequi,
436 2891 566 3006 cupidi
581 2893 791 3005 expectant
806 2887 939 2975 audire
956 2887 1136 3006 legentes

141 3063 236 3176 Qa
252 3056 365 3166 facie,
391 3061 528 3174 quibus
543 3061 606 3145 ille
623 3058 804 3166 humeris,
831 3058 984 3172 qualive
1004 3058 1147 3169 capillo
1293 3079 1298 3086 ·

140 3225 318 3336 Incedat,
341 3229 526 3340 captusne
543 3227 673 3334 oceno,
699 3257 750 3312 an
770 3253 840 3338 pes
854 3226 1044 3312 claudicet
1061 3225 1174 3330 alter,

141 3397 224 3480 Aut
237 3394 360 3509 longo
373 3417 509 3480 vertex
527 3394 646 3480 dudu
660 3393 866 3508 consurgat
880 3413 1027 3499 aconis,

142 3560 296 3646 Ordine
313 3565 464 3668 consta,
491 3559 596 3648 aliud
614 3559 717 3674 quasi
731 3559 786 3643 nil
801 3559 875 3644 tibi
891 3559 1009 3644 restet
1023 3557 1231 3674 agendum.
1254 3582 1304 3654 its

141 3731 287 3839 Aptior
301 3728 495 3838 Ausonius
509 3733 700 3835 Drances,
727 3729 789 3812 cui
804 3725 946 3842 frigida
962 3723 1068 3812 bello

143 3896 298 3981 Dextra
310 3897 482 4011 quidem,
506 3896 574 3982 sed
589 3895 753 3983 consiliis
772 3921 856 3980 non
871 3891 991 3978 futuis
1009 3917 1137 3998 autor,
1226 3975 1246 3988 ,,

141 4065 264 4150 Dives
280 4094 413 4178 opum,
437 4065 589 4178 pollens
609 4065 754 4178 lingua,
780 4075 822 4150 δε
840 4059 1087 4173 popularibus
1105 4057 1219 4143 autin

142 4231 273 4320 Muta
285 4253 421 4322 tamen
441 4235 572 4348 Grajae
587 4231 667 4318 fert
681 4229 921 4346 indulgentia
939 4229 1092 4342 lingue,

1204 4389 1310 4502 Q„
