3138 5142
432 392 723 499 Senonum,
747 397 946 480 Luous.
1221 433 1267 499 51

99 605 295 723 Armigeri
313 607 454 718 partim
471 607 587 722 regis,
613 610 833 723 partimque
847 608 1029 694 ministrae

99 771 273 886 Virginis
288 775 503 883 annisum,
531 802 617 889 quae
629 777 754 886 prima
768 775 938 886 pericula
951 776 1059 881 belli,

99 939 409 1055 Congreffusque
427 941 562 1026 ineant
577 941 738 1051 primos,
764 969 1012 1060 pugnamque
1028 943 1222 1034 lacessant.

99 1107 200 1189 Non
218 1107 332 1192 aliter
344 1109 490 1218 campis
504 1107 609 1222 legio
626 1109 666 1192 se
680 1107 803 1192 buxea
820 1108 1001 1222 utrinque

96 1271 335 1383 Composuit
351 1273 494 1382 duplici
512 1273 667 1387 digestis
681 1273 819 1358 ordine
835 1279 983 1381 turmis,

96 1438 353 1552 Adversnsque
369 1439 494 1526 ambae
507 1436 646 1525 fulsere
664 1439 857 1526 coloribus
876 1443 961 1550 alae,
1230 1467 1268 1532 to.
1373 1427 1380 1446 ⁵

95 1607 232 1720 Qam
248 1609 451 1693 Gallorum
466 1609 581 1714 acies,
607 1607 754 1718 Alpino
769 1603 915 1723 frigore
929 1610 1055 1696 latstea

96 1771 293 1885 Corpora,
319 1775 348 1860 s1
365 1773 532 1859 tendant
546 1760 642 1859 albis
659 1775 702 1857 in
720 1775 851 1886 praelia
865 1775 981 1890 signis

94 1943 259 2030 Aurora
275 1942 441 2056 populos
460 1961 612 2050 contra,
639 1951 681 2028 &
697 1940 941 2029 Phaethonte
956 1945 1131 2056 perustos

95 2109 241 2194 Insano
256 2111 471 2222 AEthiopas,
498 2119 539 2195 &
554 2109 657 2224 nigri
669 2111 896 2195 Memnonis
912 2112 1002 2198 alas.

178 2278 283 2362 Tum
300 2297 412 2389 pater
428 2281 610 2360 Oceanus
629 2279 755 2362 rursus
773 2277 823 2361 fic
840 2305 910 2361 ore
923 2279 1097 2380 locutus;
1228 2304 1262 2376 ος

94 2441 316 2547 Coelicolae,
341 2444 419 2556 jam
432 2467 608 2552 quaenam
624 2444 737 2548 acies,
763 2469 849 2555 quae
864 2443 1000 2550 castra,
1021 2443 1182 2530 videtisz
1320 2463 1323 2472 “

93 2611 248 2697 Discite
267 2635 370 2694 nunc
391 2608 535 2716 (neque
552 2607 656 2689 enim
669 2602 757 2690 sunt
772 2605 856 2692 haec
874 2607 952 2692 sine
966 2609 1116 2722 legibus
1131 2616 1265 2722 arma)

95 2775 286 2862 Certandi
300 2779 421 2890 leges,
448 2793 645 2886 nequeant
660 2801 754 2885 quas
771 2771 934 2858 tendere
949 2793 1099 2862 contra.

93 2943 291 3055 Principio
305 2941 445 3026 alterni
458 2967 571 3054 reges
585 2942 627 3024 in
643 2941 773 3051 praelia
788 2939 952 3026 mittunt

94 3111 225 3226 Qem
240 3137 382 3224 pugnae
399 3135 562 3194 numero
578 3134 625 3192 ex
641 3107 752 3192 omni
765 3107 920 3222 elegere
939 3111 1106 3194 suorum.
1226 3147 1266 3207 90

95 3277 135 3360 Si
152 3278 266 3390 niger
284 3302 390 3361 arma
404 3277 533 3362 ferens
547 3273 692 3385 primus
705 3275 886 3384 precellit
899 3278 942 3363 in
953 3303 1100 3390 aequor,

95 3441 300 3527 Continuo
319 3441 516 3527 adversum
536 3441 686 3552 semper
699 3438 738 3522 se
753 3439 937 3526 candidus
952 3443 1085 3544 offert;

92 3610 185 3694 Nec
202 3610 331 3721 plures
346 3606 438 3693 licet
451 3609 509 3691 ire
524 3607 645 3714 fimul,
671 3605 778 3690 facto
794 3608 962 3720 agmine,
988 3611 1030 3694 in
1045 3609 1208 3696 hostem.

91 3775 334 3886 Prop'ofitum
351 3774 498 3860 cunctis
511 3801 643 3880 unum,
670 3773 834 3858 studium
850 3775 1031 3860 omnibus
1046 3803 1181 3886 unum,

92 3937 276 4026 Obsess’os
292 3967 403 4056 reges
423 3939 586 4024 inimica
602 3941 777 4026 claudere
794 3943 936 4056 gentis,
1224 3977 1259 4039 ,ς

87 4107 155 4192 Ne
169 4137 251 4220 quo
265 4109 422 4220 impune
437 4126 586 4221 queant
604 4103 753 4221 sugere,
781 4129 898 4222 atque
914 4105 1095 4194 instantia
1110 4105 1194 4197 fata

88 4269 268 4360 Evitare':
299 4277 447 4360 etenim
462 4275 620 4386 capiunt
636 4274 689 4358 ita
703 4275 835 4386 praelia
851 4273 983 4364 finem.

735 4443 775 4522 G
809 4474 831 4523 2
1145 4439 1262 4525 Haud
