3138 5142
427 367 740 458 etiamnum
765 365 949 456 Lim,

113 589 213 670 Sunt
227 582 452 668 mortalibus
466 583 600 676 omnia

193 747 330 838 Divisa
348 747 482 858 studia,
509 760 550 835 &
567 774 727 834 munera
744 742 903 859 disparis

112 915 229 1020 Vitae‚
256 935 301 1000 ut
319 917 479 1028 quisque
497 915 665 1008 humeris
681 914 810 1022 valet,¹

195 1083 309 1167 Divis
328 1083 465 1193 cuique
484 1083 588 1166 suum
602 1079 913 1176 distribuentibus

114 1253 242 1360 AEquo
254 1247 403 1362 judicio
415 1247 611 1340 omnibus.
632 1353 633 1356 Ν

196 1419 297 1500 Non
314 1415 496 1520 sofforve,
521 1416 701 1500 oviumve
718 1413 862 1506 arbiter
878 1409 1057 1504 horridus

116 1581 279 1666 Clavum
297 1600 491 1692 temperet
508 1581 670 1674 urbium.
1245 1612 1280 1674 35

199 1750 312 1853 Non,
327 1775 443 1861 quem
462 1749 608 1859 templa
618 1748 769 1859 juvant,
786 1746 953 1854 curiave,
969 1765 1038 1834 aut
1052 1739 1195 1852 forum,

119 1913 252 2005 Sulcet
268 1913 387 2006 divite
406 1914 591 2008 mercium

199 2088 379 2168 Mutator
394 2083 552 2198 pelagus
571 2078 826 2193 Carpathium
840 2099 937 2172 rate.

121 2246 195 2333 His
212 2267 257 2331 tu
276 2249 516 2358 temporibus
531 2247 660 2354 datus,

174 2414 281 2500 Fss'es
298 2434 343 2497 ut
358 2415 494 2524 patriae
512 2411 737 2521 praefidium,
762 2439 808 2502 ac
823 2411 949 2502 bonisi
1247 2447 1286 2504 40

122 2584 207 2665 Has
228 2600 366 2666 natura
383 2579 458 2672 tibi
474 2577 583 2670 dedit

205 2751 342 2832 Artes:
369 2745 446 2831 hoc
459 2740 651 2830 dederunt
667 2745 737 2830 Dii
754 2741 917 2836 studium
935 2741 1019 2834 tibi.

123 2912 223 2998 Ten'
239 2913 342 3000 dices
358 2913 553 3017 mistiam,
570 2938 686 3026 rogo,

204 3084 295 3164 Nec
310 3102 519 3166 contentus
532 3078 609 3163 eris
626 3079 731 3164 sorte
750 3102 817 3168 tua
832 3075 992 3172 dolens?

125 3244 234 3330 Urbs
251 3267 293 3330 te
308 3274 450 3361 magna
465 3245 678 3356 Qiritium

171 3523 175 3530 ¹
207 3413 353 3496 Mirata
369 3413 424 3496 est
444 3439 619 3520 puerum,
645 3387 799 3522 publica
812 3437 972 3496 munera

124 3581 380 3664 *ructantem
399 3578 582 3692 graviter,
608 3575 686 3660 diu.

209 3750 283 3835 Vix
302 3773 405 3828 nunc
420 3767 558 3856 quarta
573 3744 646 3827 tibi
661 3740 820 3828 condita
830 3740 1048 3852 Olympias,

128 3915 283 4026 Regum
300 3909 463 3996 consiliis
479 3929 612 3994 tamen

211 4077 445 4192 Jamdudum
461 4075 639 4190 gravibus
654 4071 825 4160 conscius
846 4072 1004 4156 interes.
1254 4099 1293 4159 ,ο

128 4249 283 4336 omnes
299 4241 421 4328 Italiae
438 4241 600 4357 angulos

795 4403 832 4485 L
1159 4391 1297 4478 Fecisti
