3170 5150
470 355 768 436 Bouuucun
793 349 899 434 Lru.
928 354 961 432 1.
1248 385 1298 454 15

102 603 104 606 ·
126 568 233 655 Hinc
247 569 386 658 leviter
403 567 531 684 digito
547 569 749 655 medicatis
768 567 921 652 sedibus
937 591 1076 652 omnes

126 737 355 824 Traducunt
369 757 512 843 coetus,
537 738 649 822 laetos
668 735 893 822 melioribus
911 735 1029 842 auris,
1246 762 1303 822 260

127 906 218 989 Nec
237 905 350 1016 super
365 923 558 996 extremas
573 929 704 986 errare
723 905 903 990 licentius
918 929 1009 987 orae

126 1073 377 1177 Permittunt,
404 1071 555 1181 semper
572 1068 702 1154 media
724 1069 774 1154 ad
792 1066 1007 1182 penetralia
1022 1090 1186 1182 cogunt,

128 1239 424 1350 Praecipitesque
442 1237 583 1321 timent
597 1235 736 1346 lapsus,
763 1234 931 1347 altasque
950 1235 1090 1320 ruinas.

127 1406 231 1492 Huic
246 1407 382 1520 generi
399 1379 522 1490 facilis
536 1403 605 1487 leti
623 1403 706 1488 via:
734 1401 915 1513 protinus
930 1429 1052 1516 aegras

126 1572 309 1684 Delapsae
324 1572 528 1658 effundunt
542 1572 705 1678 animas,
729 1572 930 1684 lucemque
944 1571 1181 1682 relinquunt.
1247 1596 1300 1666 ²⁶5
1435 1640 1439 1646 .
1516 1603 1519 1608 ·

129 1741 246 1850 Siqua
269 1759 403 1826 tamen
418 1737 599 1852 superest,
626 1749 667 1824 δε
685 1737 780 1824 coeti
795 1735 961 1824 vescitur
979 1765 1085 1843 aura,

127 1909 218 1992 Post
235 1910 362 1993 casum
377 1908 577 2020 inspicito:
606 1904 742 1992 namfi
763 1899 852 2019 pius
867 1908 1043 2016 corporis
1061 1905 1136 1990 ulla
1155 1905 1212 1992 est

128 2075 239 2161 Laesa
257 2077 329 2160 tibi
348 2071 550 2188 deprensa,
577 2075 738 2160 aliarum
783 2065 932 2160 sedibus
955 2073 1060 2161 ultro

129 2244 294 2357 Projice‚
320 2269 393 2328 nec
414 2241 554 2326 flustra
569 2242 690 2325 libeat
707 2239 780 2324 tibi
796 2237 950 2354 pascere
966 2241 1146 2327 inertem.

129 2409 291 2494 Nullum
311 2384 473 2519 uperam
488 2407 667 2512 omnino,
692 2404 841 2490 nullum
859 2404 1081 2516 expectabis
1099 2407 1148 2490 ab
1164 2407 1228 2492 'ula
1245 2444 1306 2503 ²70

130 2573 297 2661 Certum
312 2603 432 2686 opus:
460 2575 643 2686 ignavum
659 2568 829 2658 deducet
845 2569 991 2658 inutilis
1008 2599 1145 2683 aevum,

130 2745 186 2828 Et
202 2742 392 2828 comitum
406 2742 582 2857 egregias
599 2759 755 2824 tantum
774 2737 978 2831 mirabitur
994 2759 1111 2826 artes.

203 2913 314 3020 Saepe
332 2909 644 3020 etiamimpastes
660 2907 784 2994 averti
801 2905 944 3018 pabula
960 2935 1109 3016 cernes,
1207 2900 1211 2909 ’
1276 2957 1277 2962 ¹

131 3077 363 3191 Sopitasque
385 3078 493 3194 gravi
507 3077 628 3164 veluti
645 3095 804 3188 torpere
819 3094 984 3163 veterno
1096 3107 1098 3113 ’

131 3251 182 3331 In
198 3245 356 3328 tabulis:
385 3245 449 3332 hic
462 3271 579 3358 parce
597 3264 720 3355 metu,
745 3269 796 3328 ne
812 3269 980 3356 corpora
994 3247 1154 3334 morbus
1249 3283 1304 3344 ης

131 3415 256 3499 Forte
274 3411 425 3524 aliquit,
450 3429 687 3526 gentemque
705 3411 787 3498 lues
802 3411 985 3498 invaserit
1002 3439 1159 3527 aegrnm.

132 3585 251 3666 Hunc
265 3579 340 3664 illis
357 3603 522 3684 rnorem3
549 3600 689 3664 nature
702 3578 805 3664 hunc
822 3555 904 3688 ipsa
923 3579 1105 3692 soporem

133 3745 313 3855 Addidit,
339 3745 545 3860 indulgent
559 3744 714 3854 somno,
740 3743 939 3858 stratisque
955 3749 1170 3858 quiescunt,

133 3911 356 4026 Sopitisque
372 3913 455 4000 dies
470 3913 569 3999 alter
587 3911 777 4018 trunsrbit,
804 3920 846 3996 δε
865 3911 983 4036 aiter:

3 4199 4 4208 Ν
135 4081 240 4168 Cum
259 4109 356 4168 vero
377 4083 568 4194 expulerit
583 4083 744 4168 nudem
758 4079 822 4164 lux
839 4080 958 4163 tertia
975 4079 1103 4189 rebus,
1252 4106 1310 4163 nte

135 4245 401 4364 Consurgunt,
427 4247 602 4364 laetaeque
618 4247 668 4332 ad
686 4249 826 4360 pabule
841 4263 940 4332 note
954 4245 1149 4334 redibunt.

1200 4419 1308 4528 Ergo
1456 4533 1461 4546 ι
