3172 5140
292 313 341 390 34
509 289 696 366 Mrncr
729 287 1057 367 Hrrnouurrr
1093 287 1233 372 Vror

287 500 450 586 Ordinis
466 498 641 583 intentos
658 499 783 608 operi,
810 527 898 584 cunr
913 501 1086 586 carmine
1107 518 1249 612 aperto

284 671 744 776 rememorarem,
768 667 858 752 loco
873 686 918 750 ut
933 665 1102 776 disposta
1114 665 1270 754 decenti

283 836 433 920 Omnia
446 833 521 918 sint
538 860 660 945 opere
676 833 716 916 in
732 851 835 940 toto,
857 859 930 918 nec
947 854 1054 917 meta
1064 833 1243 920 laborum

282 1001 459 1114 Usquam
471 997 647 1086 dundeat
662 997 886 1114 ingressibus
898 999 1034 1084 ultima
1047 999 1194 1112 primia.
1413 1039 1451 1100 η

282 1169 476 1281 Principio
490 1167 692 1282 invigilant
707 1195 790 1252 non
807 1169 1011 1278 expectata
1025 1169 1174 1283 legenti

280 1343 478 1440 Promere,
499 1333 770 1448 suspensosque
782 1336 933 1420 animos
945 1337 1122 1421 novitate
1136 1356 1289 1442 tenere,

281 1507 415 1616 Atque
430 1527 502 1612 per
515 1502 698 1613 ambages
711 1500 849 1586 seriem
868 1501 1061 1586 deducere
1077 1529 1227 1588 rerum:

279 1671 383 1774 Nec,
408 1692 631 1780 quacunque
650 1665 752 1746 viam
766 1663 900 1748 suadet
914 1693 975 1751 res
994 1669 1113 1781 gesta,
1133 1669 1357 1784 sequuntur.

278 1836 508 1946 Plerumque
523 1827 712 1936 amediis,
734 1851 893 1941 arrepto
907 1849 1101 1944 tempore,
1125 1831 1200 1920 fari
1407 1865 1448 1922 σο

278 1999 489 2120 Incipiunt,
509 1999 577 2084 ubi
590 1995 696 2082 facia
708 1995 845 2082 vident
856 1999 938 2113 jam
954 2003 1124 2087 carmine
1139 2001 1275 2119 digna,

278 2166 377 2252 Inde
391 2165 615 2252 minutatim
636 2165 829 2278 gestarum
843 2164 895 2248 ad
907 2166 1041 2251 limina
1054 2195 1185 2254 rerum

277 2333 507 2420 Tendentes
520 2333 645 2443 prima
658 2351 844 2444 repetunt
858 2333 908 2417 ab
921 2333 1075 2448 origine
1092 2332 1254 2422 fadum.

275 2507 368 2590 Hoc
383 2499 545 2608 faciunt,
562 2527 726 2613 operum
742 2499 872 2612 primo
888 2529 940 2587 ne
953 2501 995 2586 in
1009 2501 1144 2587 limine
1158 2502 1283 2590 ledor

275 2677 450 2776 Haereat,
464 2667 695 2784 ignarusque
712 2667 798 2772 viae,
820 2668 1062 2783 incertusque
1076 2668 1264 2754 laborum.
1405 2701 1442 2772 σς

274 2837 457 2946 Namque
468 2835 534 2918 ubi
545 2861 636 2915 eum
648 2853 795 2915 metam
807 2833 889 2943 jam
903 2853 987 2919 tum
1001 2835 1168 2920 statuere
1179 2837 1248 2923 sub
1264 2840 1403 2950 ipsam,

274 3001 424 3084 Laetior
441 2996 659 3112 ingreditur
672 2996 739 3106 spe
753 3015 928 3082 mentem
943 3001 1114 3086 arrectus
1130 3001 1252 3114 inani,

273 3171 382 3252 Dum
395 3180 511 3280 putat
526 3163 653 3278 exigui
671 3163 790 3247 finem
805 3190 931 3273 prope
944 3163 1069 3250 adesse
1081 3167 1236 3256 laboris.

274 3333 351 3420 Sed
370 3350 523 3444 portus,
536 3359 638 3442 quoa
651 3351 747 3416 ante
759 3332 892 3416 oeulos
907 3329 1027 3418 habet
1043 3336 1161 3449 usque
1174 3340 1415 3454 propinquos

273 3498 648 3612 Approperans‚jam
656 3499 814 3612 jamque
822 3518 934 3584 tenet
942 3499 1145 3615 fundisque
1154 3505 1307 3592 tenenti
1317 3507 1385 3592 est:
1402 3547 1442 3605 70

272 3673 414 3780 Longa
430 3665 569 3779 procul
584 3663 706 3778 longo
718 3665 782 3751 via
793 3663 932 3754 dividit
946 3665 1051 3752 invia
1068 3671 1220 3756 tractu:

271 3829 475 3918 Flectendi
495 3852 603 3914 retro
618 3831 760 3938 cursus,
785 3831 848 3915 via
864 3832 1029 3943 plnn'ma
1041 3837 1156 3934 eunti

271 3999 411 4085 Restat
422 3995 561 4105 adhuc,
583 3997 823 4109 multumque
839 3997 895 4082 illi
907 4000 1022 4084 maris
1035 4028 1170 4116 aequor
1183 4007 1382 4094 arandum.

270 4166 390 4253 Haud
403 4165 552 4277 sapiens
567 4161 780 4276 quisquam,
804 4165 960 4254 annales
974 4195 1045 4256 ceu
1059 4195 1261 4288 congerat,
1283 4177 1347 4262 Ilii

1369 4351 1434 4428 In·
