3170 5150
425 410 745 501 Bomrucum
787 409 893 498 [η.
921 418 953 496 1.
1251 439 1273 506 5
1325 503 1327 512 ,

105 625 191 711 Fila
210 629 278 728 suo
297 650 463 740 carpunt
477 633 650 716 oneratis
669 631 803 716 mollia
822 631 949 714 ramis.

103 798 290 907 Namque
305 797 410 880 malo
424 799 576 882 affuetae
593 795 795 882 arboribus
813 792 1086 882 frondentibus
1102 792 1178 881 illae
1238 827 1277 888 30

102 961 298 1048 Pubentes
314 963 448 1072 sylvas,
475 977 697 1078 &quaeque
712 965 922 1048 tenerrima
943 980 1123 1073 carpunt,

104 1129 328 1243 lnjussaeque
344 1131 488 1214 instant
504 1131 636 1242 operi:
665 1159 748 1216 non
761 1129 919 1215 horrida
935 1129 1100 1214 multum

103 1294 246 1381 Flabra
264 1318 423 1405 nocent,
449 1324 576 1408 neque
596 1297 736 1424 provisi
753 1296 1009 1408 prudentibus
1026 1294 1181 1382 imbres.

104 1466 280 1575 Qippe,
308 1465 376 1548 ubi
394 1465 595 1551 senserunt
609 1465 652 1550 in
669 1465 791 1548 nubes
809 1492 899 1548 aera
914 1467 1019 1580 cogi,

104 1631 330 1746 Diffugiunt
345 1633 521 1746 trepidae,
546 1627 725 1743 foliisque
743 1631 811 1715 sub
830 1633 1008 1718 omnibus
1028 1631 1198 1716 haerent:
1241 1667 1275 1726 35

106 1803 331 1911 Securaeqne
352 1800 500 1908 hyemis
519 1800 625 1884 velut
644 1798 723 1883 alta
743 1826 793 1884 ex
809 1827 897 1886 ntce
919 1802 1103 1887 sonantes

107 1967 316 2078 Accipiunt
332 1967 504 2072 Austros,
531 1967 757 2079 pulsataque
775 1968 918 2054 robora
935 1967 1088 2054 nimbis.

108 2132 186 2218 Sed
209 2154 252 2216 tu
274 2160 339 2238 ne,
365 2163 526 2240 moneo,
553 2137 594 2219 in
611 2135 719 2240 sylvis
740 2137 926 2244 permitte
948 2137 1080 2251 vagari
1148 2169 1150 2175 ·
1190 2167 1193 2175 ¹

107 2298 376 2405 Incustoditos,
401 2327 475 2384 nec
491 2328 619 2386 curam
638 2301 822 2386 adhibere
842 2305 973 2389 recusa

108 2469 156 2546 In
180 2466 312 2552 tediis:
342 2467 454 2578 hujus
470 2495 552 2549 non
570 2466 697 2578 gratia
712 2496 831 2580 parva
848 2467 1003 2552 laboris.
1242 2503 1282 2558 40

106 2632 228 2716 Haud
248 2632 408 2748 longum
429 2655 581 2744 tempus
597 2633 706 2739 fluet,
733 2647 773 2720 &
791 2636 874 2748 jam
892 2635 1054 2717 stamine
1073 2631 1200 2716 multo

108 2800 230 2884 Dives
247 2803 337 2910 eris,
364 2803 509 2914 filoque
532 2803 604 2886 ibis
624 2801 842 2912 spectabilis
864 2830 995 2887 aureo.

191 2968 398 3080 Principio,
424 2997 476 3054 ne
495 2993 537 3054 te
561 2970 680 3054 lateat
697 2996 784 3081 quae
803 2969 948 3055 tradita
966 2967 1130 3081 agendae

109 3133 196 3218 Sint
209 3133 281 3218 illis
297 3137 386 3222 vitae
403 3135 544 3248 spatia:
572 3138 700 3223 brevis
721 3137 903 3222 omnibus
920 3156 1039 3222 aetas:

109 3303 186 3390 Vix
206 3303 273 3387 ulli
290 3305 414 3386 Lunae
433 3305 653 3414 completur
670 3307 808 3389 tertius
824 3303 945 3408 orbis,

109 3477 164 3554 Et
182 3497 380 3584 nunquam
399 3497 448 3553 err
471 3468 550 3552 sese
573 3471 724 3580 prolem
735 3469 871 3557 videre
892 3490 1075 3556 creatam.

110 3644 316 3722 Intereunt
335 3662 489 3743 omnes,
516 3665 633 3749 pecus
651 3637 794 3723 occidit
809 3667 928 3722 omne
949 3641 1175 3750 quotannis,

109 3811 165 3888 Et
182 3807 366 3891 cundiam
378 3827 560 3890 evertunt
580 3807 664 3890 fera
683 3803 765 3888 fata
784 3805 833 3889 ab
854 3808 1005 3920 origine
1024 3827 1198 3921 gentem.

112 3973 342 4057 immortale
360 3993 492 4057 tamen
509 3973 627 4058 restat
645 4001 767 4088 genus
783 3971 855 4081 his,
884 4001 1012 4085 neque
1030 3976 1151 4060 morti

111 4137 179 4225 Est
195 4139 349 4248 penitus
367 4141 488 4246 locus,
511 4161 698 4224 aeternum
718 4169 810 4254 nam
826 4141 972 4224 semina
991 4141 1146 4226 durant.
1248 4175 1285 4232 50

112 4309 198 4396 Ceu
221 4304 417 4420 quondam
436 4307 548 4414 sylvae
566 4307 595 4393 fi
612 4309 719 4392 forte
739 4330 807 4391 aut
829 4307 975 4418 frigore
993 4307 1093 4414 diro,

1200 4480 1281 4560 Aut
