3138 5142
429 317 743 404 Cnurrrrruu
767 319 949 404 errr.
1200 353 1274 408 ror

116 533 192 620 Sed
214 531 672 645 mihimenspuroforer
689 531 866 646 usquein
883 561 1051 648 corpore
1066 564 1175 648 pura,
1228 573 1278 636 ur

114 704 321 816 Dudiaque
340 700 390 786 ad
406 721 625 786 extremum
643 700 838 813 inculpata
854 701 1091 789 adolesceret
1105 723 1213 811 ezras,

115 868 311 953 Omnibus
328 887 512 952 ornatum
526 866 619 952 dum
638 867 693 952 vis
708 867 895 952 excellere
911 867 1039 960 rebus.

114 1036 215 1150 Qae
233 1035 343 1120 vobis
359 1031 507 1119 meritis
525 1060 599 1143 pro
615 1035 733 1119 tantis
748 1054 882 1119 mutua
898 1054 1036 1118 contra

115 1201 333 1286 Persoluam
349 1196 511 1286 infelix?
539 1227 625 1311 quae
641 1201 751 1286 vobis
770 1199 889 1314 digna
906 1199 1132 1311 rependam,
1242 1253 1245 1258 -

115 1367 218 1452 Cum
233 1367 329 1454 milri
343 1367 418 1454 lint
431 1375 472 1454 dr
484 1393 595 1479 oper,
605 1369 754 1454 animus
767 1395 887 1479 quoq;
898 1377 939 1456 dr
951 1369 1080 1479 ample
1091 1366 1283 1479 uoluntas,

113 1533 240 1648 quue
257 1561 378 1620 uuum
392 1533 639 1624 adeuntem?
655 1533 767 1622 a-ast
785 1559 815 1618 o
833 1533 1013 1620 mortalia
1031 1561 1229 1648 nunquam

114 1700 269 1787 Gaudia
286 1700 402 1812 plena
417 1702 523 1808 satis,
549 1728 748 1814 nunquam
761 1702 892 1788 secura
907 1701 1104 1810 uoluptas!
1205 1689 1211 1699 ’

114 1875 200 1954 Aut
214 1867 357 1980 aliquid
373 1869 531 1959 cumulo
546 1867 698 1980 semper
710 1868 832 1978 deest,
857 1887 927 1954 aut
941 1865 1158 1956 revocrtst

113 2037 215 2118 Fore
233 2034 353 2124 infida
367 2059 545 2149 repente,
571 2035 782 2150 oculosque
798 2038 940 2123 avertit
957 2036 1115 2124 amicus.

114 2201 287 2288 Fallaces
309 2203 511 2290 hominum
525 2202 631 2312 sper!
658 2203 736 2290 lreu
750 2205 1005 2290 nostrairrlta
1023 2215 1139 2290 rotrl
1232 2235 1283 2295 ru

115 2366 189 2450 Nil
204 2367 357 2450 firmum
377 2367 482 2472 satis,
507 2385 576 2450 aut
594 2366 719 2450 stabili
737 2369 952 2454 munimine
967 2381 1122 2458 tutum!

115 2531 269 2616 Omnia
281 2535 323 2617 in
339 2531 516 2622 humanis
531 2533 647 2618 rebus
663 2528 794 2642 dubia,
810 2533 944 2618 omniu
962 2548 1122 2622 nutant!

117 2705 202 2788 Vos
220 2699 330 2806 mihi,
355 2700 444 2786 laeta
459 2698 593 2786 forent
611 2687 699 2786 cum
715 2719 870 2807 cetera,
883 2695 966 2786 fata
983 2701 1169 2806 tulerunt,

117 2865 244 2978 Queis
263 2865 342 2953 line
360 2867 471 2954 dulce
482 2866 584 2954 nihi
598 2866 694 2952 nihil
708 2865 778 2974 est,
799 2893 873 2952 uec
886 2867 1051 2954 amabile
1068 2867 1287 2982 quicquum!

119 3034 298 3146 Accipite
314 3033 384 3122 lrm
399 3033 536 3122 saltem
554 3034 753 3142 lacrymm,
768 3033 852 3122 hec
866 3035 1037 3120 carmine
1051 3035 1203 3143 moellr,
1235 3075 1288 3132 150

120 3203 224 3312 Qae
241 3200 402 3316 longum
421 3203 503 3288 nuti
519 3201 689 3290 absentis
705 3203 894 3288 testentur
909 3225 1096 3286 amorem.

121 3367 279 3456 Salvere
295 3388 483 3454 aeternum
501 3371 593 3476 cari,
619 3392 740 3482 atque
756 3369 897 3472 valete,
916 3377 1121 3476 parentes!

122 3539 231 3620 Vrun
246 3538 456 3640 Grummr,
476 3537 584 3624 vale!
612 3539 930 3642 vale,Oscnsnun
946 3537 1108 3621 Lrounl

123 3701 182 3784 Sit
197 3727 336 3812 precor
352 3729 380 3784 o
396 3701 507 3786 vobis
521 3704 673 3814 requies
689 3723 835 3786 aeterna
851 3698 1022 3810 sepultis,

122 3867 182 3960 Sit
201 3867 263 3954 lux
289 3893 375 3979 quae
391 3865 522 3954 vestris
537 3889 722 3956 aeternum
739 3867 920 3982 affirlgeat
937 3865 1105 3952 umbris!
1233 3903 1287 3962 ur
