3172 5140
280 374 334 460 42
508 347 686 428 Minor
720 345 1041 430 Hrtnortrmr
1082 347 1223 430 Vror

280 563 322 646 Si
339 589 422 646 non
440 557 710 644 ltaliaelaudes
727 559 938 673 aequaverit
955 557 1077 666 astris,

280 729 356 811 Cui
373 751 499 838 neque
515 725 725 810 Medorum
742 725 868 832 sylva,
894 753 1022 838 neque
1037 727 1190 833 Badra,
1208 755 1336 842 neque
1352 731 1461 836 Indi,

278 895 466 1006 Totaque
485 890 682 978 thuriferis
699 891 892 976 Panchaia
913 913 1040 978 certet
1065 898 1203 980 arenis.
1252 951 1255 958 Δ

350 1065 487 1176 Qare
500 1065 637 1170 etiam,
662 1060 814 1175 egregii
830 1081 954 1167 vates,
980 1087 1059 1174 ego
1077 1065 1249 1148 carmina
1262 1065 1388 1150 vestm

275 1229 395 1318 Haud
405 1229 588 1344 equidem
601 1229 812 1344 arguerim,
826 1228 892 1340 qui
904 1229 1168 1338 pediorafessa
1179 1232 1378 1346 legentum
1392 1267 1452 1328 240

273 1396 492 1504 interdum,
520 1417 639 1512 atque
659 1423 772 1506 aures
789 1395 970 1480 recreatis
990 1398 1161 1482 carmine
1180 1399 1294 1485 dulci.

271 1567 372 1648 Non
391 1563 588 1678 ego,⁴post
608 1565 719 1648 Celei
735 1581 876 1669 crates,
901 1563 990 1672 post
1005 1563 1148 1650 tribula
1165 1565 1282 1673 dina,

269 1731 501 1844 Rastraque,
514 1731 768 1842 plaustraque,
782 1740 824 1816 ὅτ
836 1727 984 1814 inflexo
999 1757 1087 1816 cum
1099 1759 1257 1818 vomere
1275 1754 1417 1840 aratra,

272 1895 513 1984 Addubitem
529 1899 624 1983 flere
641 1897 802 1982 emindii
817 1893 1032 1980 miserabile
1052 1895 1166 1984 sunus

270 2065 445 2150 Romani
462 2063 589 2150 ducis:
617 2083 684 2148 aut
698 2064 797 2149 ruris
815 2062 971 2148 laudare
997 2065 1169 2178 quietem
1387 2101 1442 2160 ης

268 2231 359 2316 Post
375 2233 472 2315 vites
486 2230 610 2318 didas
627 2231 781 2339 Bacchi,
807 2245 849 2320 δε
868 2231 1060 2340 sylvestria
1077 2234 1195 2318 dona.

268 2399 360 2487 Vidi
376 2399 509 2506 etiarn,
534 2401 602 2511 qni
620 2403 701 2514 jam
719 2398 899 2513 perfodio
913 2425 1076 2484 munere
1098 2401 1257 2514 longam

266 2567 474 2680 Subjecere
490 2593 657 2678 moram,
684 2589 865 2656 extremo
880 2567 948 2654 sub
965 2567 1049 2654 fine
1064 2589 1251 2683 vagantes

265 2737 504 2820 Exadtorum
522 2763 702 2846 operum,
725 2767 847 2828 vacua
861 2735 954 2824 dum
972 2739 1143 2822 carmina
1158 2739 1264 2822 musa

267 2906 316 2984 In
332 2899 494 3014 longum
510 2901 726 3005 traherent,
752 2902 861 3010 cujus
877 2900 1079 2985 dulcedine
1095 2903 1193 2986 mira
1382 2941 1440 3008 ²5⁰.

133 3023 136 3030 .
264 3065 366 3152 Feffi
383 3068 502 3150 animi
516 3082 705 3176 cuperent
720 3067 939 3176 iterumque
958 3065 1176 3177 iterumque
1193 3065 1331 3149 redire.

264 3239 337 3320 Me
351 3233 457 3318 nulla
474 3233 620 3318 idcirco
636 3231 767 3342 quiret
780 3232 838 3316 vis
854 3231 1000 3340 hstere,
1015 3232 1124 3342 quin,
1143 3233 1231 3344 post

263 3403 440 3492 Naturas
454 3412 496 3488 &
512 3429 630 3514 apum
646 3400 769 3514 didiae
788 3412 830 3488 dc
847 3397 995 3514 liquida
1009 3399 1140 3506 mella,

261 3565 399 3652 Tristis
417 3568 568 3654 Aristaei
584 3569 756 3681 questus,
778 3565 1026 3680 monitusque
1043 3570 1216 3678 parentis

259 3735 517 3847 Prosequerer
531 3733 634 3821 dulci
649 3736 848 3842 sermone,
870 3747 910 3822 δι
925 3743 1070 3818 Protea
1087 3737 1270 3820 vinorum.
1376 3775 1429 3834 ¹55

259 3899 416 3986 Addam
427 3899 603 3986 Threicii
621 3929 777 3988 carmen
790 3901 1005 3986 miserabile
1020 3903 1133 4007 vatis,

261 4068 399 4181 Qalis
417 4067 586 4180 populea
604 4067 783 4179 queritur
798 4025 1010 4152 Philomela
1022 4068 1092 4152 sub
1108 4069 1260 4174 umbra,

257 4241 320 4322 Ut
337 4235 550 4346 Rhodope,
577 4251 622 4318 ut
641 4239 804 4348 Pangaea
822 4235 957 4343 fleant,
984 4232 1100 4322 Rhefi
1119 4255 1163 4322 ut
1179 4233 1318 4322 domus
1336 4237 1439 4344 alta,

1358 4409 1431 4492 At·
