3138 5142
308 357 361 444 56
542 343 727 423 Manet
752 331 1065 422 Hiaio'tiriti
1091 307 1229 420 Vrou

302 555 485 644 Praevisoa
497 551 711 640 monstrare
725 554 836 640 istus.
871 554 1003 668 Qm
1017 546 1368 665 deniqueprimnn
1430 589 1481 658 ιφ

305 729 398 810 Sors
413 723 558 809 inferre
576 721 701 808 aciem
716 740 846 828 vocet,
872 740 991 833 atque
1005 717 1192 806 invadere
1202 717 1392 830 Martem,

305 891 540 1009 Qaelitum:
568 891 809 1004 primumque
826 887 956 974 lotum
971 887 1196 974 certaminis
1214 881 1307 974 albo

305 1059 478 1146 Dueon
495 1060 598 1169 tulit,
624 1079 670 1144 ut
686 1067 804 1173 que'm
820 1053 938 1148 vellet
951 1033 1098 1168 primur
1116 1053 1158 1140 in
1174 1051 1327 1142 hostem

307 1222 509 1311 Mitteret:
540 1225 582 1312 id
596 1225 685 1312 sane
700 1227 833 1343 magni
847 1219 993 1310 referre
1009 1218 1188 1333 putabat.

307 1391 415 1476 Tum
429 1394 570 1480 tacitus
583 1391 711 1482 secum
730 1395 869 1501 versat,
883 1410 999 1506 quem
1017 1387 1159 1477 ducere
1173 1405 1315 1476 eontra
1427 1421 1476 1484 ur

309 1557 558 1662 Conveniat,
583 1562 835 1674 peditemque
848 1561 961 1674 jubet
975 1551 1191 1672 procedere
1207 1581 1388 1667 campum

309 1735 359 1814 In
377 1730 562 1834 medium,
587 1729 656 1841 qui
673 1729 849 1842 reginam
865 1721 1073 1811 dirimebat
1087 1723 1140 1807 ab
1155 1717 1278 1808 hoste.

311 1893 383 1978 Ille
397 1895 539 2010 gradun
552 1894 726 2006 duplices
737 1893 915 2006 superat:
941 1893 1004 1980 cui
1022 1904 1108 1976 tunt
1124 1887 1272 1976 arbiter
1286 1895 1374 1976 ate'r

311 2060 399 2172 Ipse
416 2065 535 2148 etiam
553 2057 754 2150 adversum
768 2053 880 2146 tedio
895 2055 945 2146 de
962 2076 1084 2175 geute
1095 2059 1270 2173 nigranti

310 2230 490 2315 Tramite
504 2232 588 2345 agit
603 2231 790 2342 peditem,
803 2242 923 2341 atque
935 2227 1049 2342 jubet
1065 2222 1260 2314 suumne
1276 2244 1477 2314 contram

313 2395 602 2484 Aduenientem
616 2397 780 2506 hostem
802 2387 1033 2510 paribusque
1044 2400 1245 2484 occurrere
1261 2396 1305 2482 in
1318 2397 1445 2482 aruris.

313 2567 429 2650 Stant
444 2591 543 2682 ergo
561 2563 726 2652 advenis
742 2565 847 2651 inter
864 2563 1113 2650 sestontibua
1133 2561 1257 2650 ambo·

311 2733 361 2814 In
380 2728 518 2818 mediis
536 2737 664 2848 campi
679 2691 825 2849 spatiis,
850 2759 896 2818 ac
911 2753 1047 2818 mutua
1066 2743 1224 2818 tentant

311 2897 504 3000 vaureta,
517 2901 791 3014 nequicquam:
818 2925 945 3014 neque
960 2899 1066 2985 enim
1080 2899 1140 2988 tia
1151 2895 1408 2986 ulirdocendi
1422 2895 1474 2980 est

312 3067 541 3180 Armigeris,
566 3065 698 3152 trastu
709 3065 802 3152 dum
818 3063 981 3154 miscent
998 3064 1130 3178 praelia
1146 3055 1301 3154 eodem.
1422 3097 1471 3160 ²05

313 3228 488 3316 Subfidio
505 3235 596 3317 socii
613 3233 750 3318 dextra
767 3233 936 3347 larvaque
950 3227 1175 3347 frequentes

312 3398 417 3482 Hinc
435 3418 552 3511 atque
570 3400 661 3484 hinc
674 3397 855 3508 firbeunt,
877 3401 957 3486 late
970 3409 1012 3486 &
1026 3401 1117 3486 loca
1127 3399 1252 3486 milite
1265 3400 1473 3512 corripient,

310 3545 598 3679 'Alternantqne
613 3567 734 3654 vices:
765 3565 930 3654 necdum
944 3588 1077 3654 tamen
1089 3557 1249 3655 horrida
1264 3551 1426 3655 miscent

310 3732 459 3842 Praelia,
485 3735 552 3820 sed
568 3733 740 3848 placidus
755 3732 890 3821 mediis
904 3741 1011 3820 Mara
1027 3723 1126 3822 ludit
1141 3737 1182 3821 in
1195 3739 1332 3822 aunis:

310 3900 571 4014 Excursusque
585 3897 724 3987 breves
738 3921 908 4009 tentant,
936 3905 1089 4015 tutique
1106 3923 1246 3988 tenent
1263 3903 1316 3989 se.
1425 3935 1476 3980 ιιο
1537 3911 1538 3971 J

310 4065 477 4178 Jamque
493 4067 611 4179 pedes
626 4070 729 4182 nigri
744 4069 920 4178 rectoris,
947 4072 1014 4181 qtti
1029 4071 1138 4181 prior
1153 4069 1304 4156 hostem

311 4229 463 4316 Contra
480 4235 538 4341 iit,
560 4235 759 4346 obliquum
774 4237 869 4326 lava
883 4237 979 4322 clam
996 4236 1201 4324 strinxerat
1217 4233 1365 4346 ensem,

1348 4409 1479 4514 Atque
