3170 5150
442 361 697 466 Daruurs,
735 366 949 442 Ecuoon
979 365 1013 451 Ι,
1266 389 1315 466 93

146 575 216 662 Te
232 575 312 663 saue
326 574 522 662 deformes
535 597 706 687 montes,
728 575 922 662 deformia
940 597 1064 688 prata.

149 745 251 828 Non
266 742 373 828 horti
390 743 669 856 floresapibus,
695 773 778 832 non
795 745 918 830 fidem
934 771 1066 830 rorem
1198 837 1203 852 ,
1282 777 1318 846 tr
1387 835 1388 843 Ν

125 885 132 894 ’
151 879 368 1020 Sufficiunt,
387 911 527 1026 gelida
542 941 626 996 non
636 913 817 1025 linquunt
830 941 919 1000 arva
931 913 1092 1024 pruinae,

151 1077 230 1166 Vix
244 1106 385 1190 paucas
403 1107 507 1204 aeger
519 1078 676 1164 deserto
691 1081 732 1164 in
745 1081 881 1166 littore
897 1087 1087 1187 Amyntas

151 1246 278 1350 Ducit
297 1273 404 1353 oyes,
424 1275 564 1359 paucas
582 1245 735 1332 deserta
749 1250 791 1334 in
806 1275 903 1358 rupe
916 1247 1083 1358 capellas

151 1414 419 1526 Horrentique
435 1413 548 1517 rubo,
571 1423 612 1498 ὅτ
626 1417 751 1500 carice
765 1413 888 1526 pascit
904 1433 1029 1506 acuta·

154 1577 221 1666 Ah
236 1606 332 1690 puer
350 1576 503 1666 infelix!
531 1581 591 1664 cui
608 1581 760 1666 tudun
777 1582 916 1693 pascua
929 1609 1017 1667 cara

155 1747 421 1835 Commendas
435 1761 476 1836 δι
488 1775 581 1834 oyes
593 1747 688 1854 fido,
708 1768 827 1860 atque
839 1768 1015 1834 armenta
1032 1745 1232 1854 recedens,
1293 1857 1296 1864 Ι

152 1919 209 2000 Et
225 1915 355 2020 tristis,
374 1914 517 2000 diteae
530 1917 628 2020 vale,
651 1916 714 2000 vix
728 1914 869 2030 inquis,
889 1921 1075 2022 Amynta,

154 2081 228 2166 Nil
242 2082 372 2208 potuit
383 2104 522 2170 contra
534 2109 614 2194 prae
630 2083 742 2200 largo
756 2083 919 2168 reddere
934 2083 1042 2174 fletu.

155 2245 285 2356 ulum,
307 2249 492 2362 lingultus
504 2249 597 2334 dum
610 2279 691 2335 non
707 2251 952 2361 compescere
967 2251 1125 2364 longos,

156 2418 240 2522 Aut
254 2417 468 2523 lachrymas
479 2417 596 2522 valet,
623 2420 755 2529 aprico
766 2415 817 2501 de
839 2415 938 2501 colle
947 2419 1124 2531 juvenca
1287 2449 1323 2510 ar

155 2582 341 2670 Fluminis
360 2583 621 2690 immemores,
648 2594 690 2669 δε
705 2583 888 2696 graminis
900 2581 1102 2667 admirata

156 2747 331 2864 Indigno
349 2749 479 2836 flentis
493 2748 601 2860 pueri
614 2745 775 2833 doluere
790 2748 940 2832 dolore.

158 2917 222 3000 Sic
234 2915 421 3021 Lycidas:
447 2915 576 3000 subito
590 2915 641 3000 fic
653 2913 797 3000 deinde
813 2915 993 3028 sequutus
1008 2920 1209 3022 Amyntas,

158 3085 319 3170 Auru.
348 3082 418 3166 llla
433 3082 518 3168 luce
532 3093 573 3168 δι
591 3109 685 3168 oves
702 3073 856 3190 fluvioi,
880 3109 927 3168 ac
940 3083 1082 3194 pabula
1103 3083 1193 3167 laeta

158 3255 326 3363 Fugere,
346 3261 387 3336 &
401 3249 537 3334 saturis
551 3249 621 3360 ipli
635 3247 866 3360 praesepibus
881 3249 986 3334 ultro
1289 3265 1327 3341 πό

159 3415 390 3502 Abstinuere
403 3417 525 3502 boves
537 3415 651 3514 clausi
668 3411 880 3521 foenilibus,
901 3428 943 3503 &
956 3445 1027 3502 vos

157 3583 327 3670 Tardius
340 3584 390 3668 ah
406 3583 574 3668 misera!
601 3583 765 3669 rediistis
781 3604 931 3691 monte,
947 3585 1117 3696 capellae.

156 3755 224 3834 Ut
236 3753 369 3836 fontes
384 3749 463 3835 srne
477 3753 599 3864 aquis,
618 3753 728 3836 vario
743 3772 789 3835 ut
807 3751 887 3834 line
900 3753 1076 3865 gramine
1089 3770 1215 3863 prata,

158 3921 224 4000 Ur
241 3915 319 4002 fine
333 3919 423 4003 Sole
438 3917 535 4024 dies,
553 3917 676 4004 Luna
690 3938 737 4003 ut
751 3919 831 4004 fine
846 3919 993 4004 lumine
1006 3919 1157 4024 notles,

160 4090 258 4194 Hac
274 4085 331 4168 ita
343 4086 486 4169 ntoella
500 4074 568 4170 stro
582 4083 731 4198 squalet
748 4085 827 4172 stne
843 4085 1055 4197 Daphnide
1073 4087 1197 4172 tellus.
1290 4117 1324 4178 rr

161 4251 337 4366 Daphni,
356 4251 472 4338 decus
490 4253 599 4362 ruris,
613 4253 823 4364 pallorum,
840 4253 1016 4365 Daphni,
1029 4253 1221 4364 voluptas,

1227 4419 1330 4532 Qae
