3172 5140
309 335 330 423 l
530 337 705 424 Manet
744 329 1065 426 throurrtr
1102 329 1247 426 Vina
1340 337 1342 342 ’

306 558 467 644 Tollere
484 555 616 660 humo,
632 565 673 642 a
685 557 840 666 penitus
850 555 1002 668 justane
1020 552 1058 636 se
1073 551 1210 668 ignota
1224 555 1382 664 dolere)

309 727 522 809 Convehtu
541 725 582 806 in
601 721 743 831 medio,
765 725 938 836 septique
954 719 1111 832 impube
1127 743 1274 807 corona

308 889 474 974 Insolito
487 892 640 1002 penitus
657 889 765 975 fandi
785 889 835 976 de
850 913 960 975 more
973 890 1144 1004 magistri
1420 911 1488 968 roo
1511 853 1521 872 ⁹

310 1055 508 1154 Obscurar
524 1051 696 1170 gaudent
716 1059 758 1144 in
773 1057 931 1172 vulgum
949 1057 1128 1171 spargere
1154 1071 1268 1142 vocet

311 1223 427 1331 Irrifi‚
448 1223 588 1310 faedam
605 1224 787 1334 illuviem,
815 1245 932 1338 atque
948 1225 1131 1310 immania
1151 1225 1333 1310 monstra.

311 1385 412 1478 Non
436 1391 597 1476 minusa
614 1394 721 1476 tetta
735 1392 877 1476 mentis
889 1393 1042 1476 ratione
1060 1393 1237 1478 feruntur

314 1538 499 1668 Decepti‚
523 1577 641 1670 quam
655 1557 736 1670 qui,
757 1558 890 1669 liquidi
906 1581 995 1643 cum
1012 1557 1151 1670 pocula
1164 1543 1295 1644 fontes

316 1724 524 1832 Sufficiant,
542 1725 693 1808 malunt
711 1721 1017 1837 graveukntem
1032 1725 1184 1810 haurire
1201 1725 1392 1836 paludem.
1425 1745 1483 1813 κοτ’

316 1887 384 1974 Ne
402 1891 510 1998 mihi,
530 1917 581 1974 ne
596 1911 743 1974 tenerae
763 1893 851 1976 talis
866 1893 904 1976 se
921 1892 1138 1978 admoverit
1153 1895 1248 2000 auri,

319 2053 396 2141 Sed
416 2055 590 2170 precultl
606 2058 740 2167 procul
753 2057 821 2142 ista
837 2059 953 2166 ferat,
978 2060 1166 2172 natosque
1183 2065 1374 2144 Getarum

318 2226 488 2329 Imbuat,
514 2223 627 2308 autli
646 2247 722 2334 qua
737 2225 910 2340 estrgens
922 2245 1015 2312 toto
1025 2227 1200 2312 obtusior
1212 2227 1321 2310 orbe.

386 2393 554 2506 Jamque
572 2389 707 2502 igitur,
728 2419 937 2499 mearum,
958 2407 1054 2506 puer
1067 2394 1281 2504 penetralia
1295 2407 1428 2479 vanam
1555 2381 1558 2386 ’

320 2555 579 2678 Ingrediatur,
599 2559 786 2645 &Aonia
803 2559 843 2642 se
857 2559 1012 2670 proluat
1025 2555 1149 2646 unda:
1430 2593 1487 2642 uo

322 2727 490 2838 Jamque
504 2687 649 2811 sacrun
665 2725 809 2810 teneris
824 2747 953 2812 vatem
969 2747 1175 2812 veneretur
1194 2728 1243 2810 ab
1262 2732 1386 2836 annis,

324 2895 456 2999 Qem
468 2861 592 2978 Musae
603 2891 729 2976 Minci
743 2887 914 2982 herbofie
926 2895 1054 2978 aluere
1068 2891 1138 2976 sub
1153 2895 1287 2999 antris,

320 3061 457 3167 Atque
472 3057 567 3138 olim
580 3054 739 3140 fimilem
756 3047 890 3168 poscat
908 3058 978 3143 libi
993 3060 1153 3144 numina
1171 3061 1336 3171 verium,

327 3221 531 3310 Admirans
544 3243 682 3332 artem,
702 3222 892 3316 admirans
907 3227 1088 3338 praeclara
1100 3213 1269 3340 reperta.

325 3389 415 3476 Nec
432 3419 556 3498 mora,
578 3391 660 3504 jam
673 3389 779 3474 favet
795 3393 978 3500 Ascanio,
996 3390 1194 3507 taceasque
1213 3395 1351 3482 dolote
1434 3422 1481 3494 ης

328 3561 510 3674 Impubes
528 3559 627 3672 legit
640 3555 818 3672 equales,
837 3585 936 3672 quoe
954 3561 1094 3671 impius
1111 3563 1232 3648 hatrfit
1330 3673 1332 3678 ι

253 3822 257 3830 ,
329 3729 436 3810 Ante
456 3723 560 3812 diem
571 3733 748 3834 Mavors,
774 3727 971 3814 &acerbo
985 3727 1125 3814 funere
1142 3711 1299 3816 mersit.⁸
1410 3807 1413 3812 .

327 3894 458 3991 Multa
475 3892 587 4002 super
601 3892 742 3999 Lauso,
766 3889 875 4004 super
891 3890 1121 3979 &Pallante
1135 3917 1346 4010 perempto·
1393 3927 1429 3956 -’·
1469 3878 1499 3952 Ᾰ“

296 4157 298 4162 ,
329 4059 460 4145 Multa
474 4077 604 4171 rogat,
624 4057 834 4162 lachrymas
852 4061 958 4146 inter
976 4089 1135 4175 quoque
1155 4063 1303 4178 lingula
1321 4045 1445 4150 fundit

331 4225 529 4332 Carmina,
554 4221 695 4310 crudeli
714 4250 802 4310 cum
816 4247 967 4338 raptum
979 4247 1111 4316 morte
1132 4234 1287 4342 parenti
1405 4305 1408 4312 .
1437 4265 1486 4312 ιω

1409 4398 1483 4486 Ah!
