3138 5142
420 299 742 403 crimmum
767 307 952 398 Linon.
1192 343 1266 423 ξος

111 527 310 608 Sacromm
330 539 375 608 ut
389 522 462 607 tibi
479 519 706 636 praefieetet,
732 549 962 635 motumque
980 526 1204 641 magistrum

109 689 192 774 Effe
208 688 341 786 darem
367 717 440 774 nec
455 689 494 774 se
509 694 662 800 penitus
677 689 904 776 mortalibus
923 691 1035 806 aegris

108 851 327 942 Subducens
341 857 481 968 pietas,
504 877 678 944 terrenas
694 856 889 968 linqueret
904 883 1015 942 oras:
1235 894 1273 942 ιο

109 1019 185 1104 Sed
203 1021 315 1107 dietis
331 1021 410 1128 ille,
433 1035 474 1108 ὅτ
487 1023 612 1129 rebus,
632 1025 805 1136 rectique
820 1025 951 1140 piique

109 1187 301 1272 Cordibus
317 1190 357 1272 in
371 1188 510 1274 nostris
527 1187 690 1300 priscum
706 1211 913 1276 renovaret
928 1219 1114 1278 amorem.
1140 1213 1144 1220 '

108 1354 221 1466 Illum
236 1355 328 1439 ideo
347 1382 371 1438 a
388 1357 531 1440 teneris
545 1381 679 1468 regum
702 1358 744 1442 in
760 1357 1019 1467 penetralibus
1033 1361 1122 1444 altit

108 1520 231 1610 Educi
247 1522 384 1628 voluit,
410 1519 639 1635 summisque
656 1523 863 1610 assuescere
879 1525 1007 1632 rebus,

108 1687 240 1772 Mollis
256 1687 380 1774 adhue
394 1707 535 1774 tenero
553 1716 639 1776 cum
656 1690 720 1774 uix
737 1690 963 1802 pubesceret
981 1719 1077 1777 aevo.
1235 1727 1270 1786 ις

108 1857 198 1966 Jam
215 1876 314 1962 tum,
331 1856 513 1940 Romulei
530 1855 652 1942 accitu
670 1859 804 1966 patris,
818 1907 820 1914 ν
833 1877 949 1972 atque
967 1860 1133 1965 senatus,

107 2019 222 2106 lllum
235 2025 365 2108 Roma
379 2021 467 2107 orbi
483 2023 622 2108 mirata
638 2023 695 2108 est
704 2025 793 2142 jura
808 2024 1017 2136 ferentem,
1120 2131 1124 2138 .

107 2189 317 2301 Miratique
336 2189 452 2274 duces
468 2190 574 2298 pacis
589 2181 811 2302 prescripta
826 2213 1044 2280 notantem.

107 2358 215 2444 Hine
232 2355 328 2438 acris
343 2353 400 2436 vis
415 2353 494 2455 illa,
512 2352 632 2436 animi
648 2352 791 2437 decora
810 2357 890 2438 alta
906 2329 1087 2466 superbi*
1227 2395 1230 2402 ·

109 2528 273 2633 Semper
285 2519 385 2606 celsa
398 2537 552 2629 petens,
577 2529 619 2602 δι
636 2517 694 2602 nil
709 2519 874 2604 mortale
891 2521 1043 2632 agitans
1058 2546 1189 2608 ment:
1237 2555 1274 2620 30

108 2687 280 2804 Prodiga
294 2713 404 2784 mens
421 2684 526 2790 vitae,
553 2711 626 2770 nec
645 2683 814 2770 habendi
829 2685 1000 2771 obnoxia
1014 2686 1151 2772 amori.
1201 2739 1203 2746 ·

108 2855 242 2942 Nullae
256 2881 339 2938 non
355 2851 493 2936 animis
510 2877 611 2936 curae
629 2849 848 2937 coelestibus
862 2879 982 2965 aequae

107 3021 224 3106 Illum
239 3019 426 3104 habuere:
444 3017 594 3131 procul
611 3015 687 3102 mit
700 3021 828 3104 omnir
844 3045 943 3104 uana
959 3019 1114 3131 cupido,

107 3193 163 3274 Et
181 3213 268 3300 quae
284 3187 412 3270 moltae
424 3185 623 3271 hominum
641 3207 822 3272 exercent
838 3185 1050 3297 praecordia
1067 3183 1204 3298 pestes.

108 3357 224 3437 Unus
241 3377 350 3437 antor
365 3350 476 3457 resti,
501 3349 698 3462 sttnslique
713 3355 863 3436 arretio
880 3351 1022 3462 cupido
1210 3407 1215 3420 ·
1231 3387 1270 3454 ,ς

109 3523 207 3602 Una
222 3538 321 3625 etat,
347 3529 388 3604 δι
404 3537 532 3602 totum
548 3516 725 3629 capiebat
742 3519 902 3626 pellore
917 3521 1074 3604 eoelum.

108 3685 194 3790 llle,
220 3685 322 3770 viam
340 3683 577 3796 ingrediens,
595 3683 715 3797 longe
733 3713 805 3768 nos
820 3705 913 3770 'ante
929 3685 1099 3792 volabat,

109 3849 379 3964 Attollensque
394 3847 520 3934 secem
535 3849 671 3934 dextra
687 3849 863 3934 vibrante
880 3851 1089 3954 coruscam,

107 4025 157 4104 ln
175 4018 346 4104 tenebris
365 4015 512 4100 nostras
529 4015 708 4100 lustrabat
725 4015 903 4126 lampade
921 4036 1086 4124 mentes,

107 4193 162 4272 Et
182 4186 290 4293 rebli,
311 4183 476 4300 justique
492 4185 572 4268 vias
589 4181 708 4268 dabat
724 4182 798 4266 effe
817 4202 1011 4290 patentes,
1234 4222 1275 4276 40

1170 4351 1274 4434 lllius
