3138 5142
434 249 750 336 Caanrruum
776 253 957 336 Ltuun.
1208 289 1281 366 1¹3

115 469 317 572 Membra3
341 469 423 554 luet
441 469 596 578 penitus
608 485 719 556 totos
737 467 923 554 exederat
938 491 1057 558 artus.

116 637 274 722 Circum
294 639 459 725 aderant
474 663 613 721 omnes
631 661 758 749 aegrae,
777 665 866 724 mea
880 638 1038 748 lumina,
1056 643 1191 751 Musae,

117 807 248 916 Atque
266 805 364 890 mihi
377 807 609 916 incoeptam,
631 801 761 888 miseri
778 803 915 889 solatia
931 807 1014 915 leti,

116 971 354 1059 Tendebant
369 971 509 1058 frustra
522 970 738 1084 palmarum
753 999 777 1056 e
794 973 936 1057 fronde
952 1001 1155 1085 coronam,

117 1137 250 1250 Qam
264 1141 361 1226 mihi
375 1139 549 1226 Idumaeo
564 1137 791 1226 subvertite
808 1133 1050 1250 festinatam,

117 1304 226 1388 Dum
245 1333 425 1392 canerem
441 1307 622 1419 unigenae
639 1303 809 1390 crudelia
825 1305 965 1394 fimeta
982 1307 1097 1420 regis.

115 1471 194 1556 Hic
210 1501 299 1557 mea
320 1477 507 1561 inexcitua
526 1495 570 1559 tu
587 1475 731 1558 lumina
746 1475 886 1584 sponte
904 1473 1053 1576 subisti3

116 1637 206 1746 Ipsa
224 1639 332 1724 Salus
352 1664 478 1727 tecum
498 1644 644 1751 pariter
660 1641 755 1724 mihi
773 1639 851 1724 visa
866 1639 1017 1726 subiffe:

116 1808 179 1887 Ut
196 1805 287 1912 vidi,
313 1827 358 1891 ut
376 1811 531 1918 penitus
550 1806 653 1922 fugit
668 1809 717 1892 de
737 1835 902 1918 corpore
920 1809 1099 1920 languor,

116 1973 249 2082 Atque
265 1974 375 2060 suum
391 1976 510 2060 rediit
524 1975 707 2060 membris
725 1975 767 2058 in
782 1973 941 2086 pristina
959 1976 1099 2061 robur!
1252 2017 1285 2074 u

116 2139 214 2252 Qo
232 2139 305 2224 tibi
319 2170 413 2252 quas
430 2165 574 2252 potero
590 2163 707 2226 tanto
725 2169 800 2252 pro
816 2169 977 2227 munere
995 2165 1125 2258 grates

117 2309 281 2415 Semper
293 2333 419 2418 agam,
432 2304 554 2387 &tibi
566 2308 1127 2417 nunc,utcunq;haeccarmina
1140 2341 1285 2425 pango.

115 2471 183 2554 Tu
201 2497 296 2556 vero
314 2469 443 2584 exigui
462 2497 599 2555 munus
618 2498 669 2554 ne
685 2469 837 2581 despice
855 2471 981 2578 amici,

114 2645 171 2724 Et
187 2637 346 2726 servasse
359 2637 465 2748 pium
481 2666 565 2726 non
579 2637 842 2752 dedignabere
855 2658 1000 2746 vatem,
1079 2651 1082 2660 '

116 2806 204 2890 Tot
222 2805 359 2892 titulos
376 2809 494 2912 inter,
520 2829 723 2914 procerum
742 2805 829 2912 post
845 2806 1006 2890 nomina
1026 2825 1150 2916 tanta,
1184 2765 1194 2782 ⁸
1251 2843 1289 2904 30

116 2973 293 3060 Poeoniis
309 3001 406 3087 quoa
421 2995 464 3060 tu
481 2971 634 3058 succisa
653 2993 783 3058 morte
802 2970 967 3058 reduxti.

116 3141 209 3224 Nec
225 3167 289 3224 me
307 3140 394 3249 post
409 3143 512 3252 ipsos
529 3141 662 3252 pigeat
680 3137 904 3224 subnectere
920 3167 1031 3264 reges

120 3311 300 3392 Servatos
309 3351 322 3405 ς
350 3334 433 3390 non
450 3335 513 3392 me
529 3307 601 3397 tibi
617 3305 740 3420 gloria
755 3305 897 3414 sospite
916 3307 1021 3390 nulla
1038 3307 1106 3392 cst.

120 3476 161 3558 Si
178 3473 274 3558 mihi
289 3502 399 3586 opea,
426 3499 641 3586 regumque
656 3497 776 3584 genus
795 3473 890 3558 latrat
905 3473 1005 3558 astra
1021 3495 1217 3588 negarunt

118 3639 321 3747 Nascenti,
350 3660 391 3726 at
409 3641 505 3728 mihi
520 3641 622 3725 casta
638 3639 790 3744 domus,
815 3637 895 3726 fine
913 3638 1001 3727 labe
1014 3647 1178 3725 Penates
1190 3686 1205 3770 ς’
1247 3677 1282 3738 35

118 3809 188 3896 Est
205 3811 366 3913 animus,
392 3810 460 3920 qui
477 3811 608 3894 vincat
623 3833 733 3916 opes,
760 3831 971 3916 regumque
988 3833 1167 3915 coronas,
1198 3805 1201 3812 '

120 3979 365 4086 Contemptu
382 4001 511 4060 rerum
525 3975 700 4084 testique
721 3970 875 4087 infignis
893 3997 1038 4056 amore.

119 4143 299 4229 Forsitan
318 4143 345 4226 ii
362 4143 504 4228 merito
519 4143 589 4226 tibi
608 4141 739 4225 debita
754 4137 913 4249 praemia
927 4137 1075 4224 solvent

832 4313 859 4386 P
1203 4309 1281 4388 Au·
