3138 5142
420 293 719 427 Senonum,
745 326 940 408 Limus.
1217 343 1265 431 63

100 537 220 623 Ionio
238 537 280 624 in
296 565 454 653 magno,
477 560 545 625 aut
561 537 752 625 undisono
764 541 968 647 Atlanteo,

103 705 290 790 Alternos
303 703 465 790 volvunt
480 710 668 824 prururva
686 707 736 790 ad
751 705 886 790 littora'
902 704 1051 791 fluetus.

100 874 159 957 At
173 869 319 957 medias
338 871 437 955 acies
455 871 560 956 inter
575 835 761 958 crudescit
775 875 957 956 Amazon

99 1035 293 1144 Candida,
319 1037 434 1148 plena
450 1039 600 1144 animus,
625 1033 829 1148 multisque
845 1038 885 1120 in
902 1037 1064 1122 millibus
1084 1039 1205 1126 ardet.

98 1205 284 1316 Namque
299 1199 554 1314 sagittiferum
567 1202 775 1309 incursans,
795 1203 1269 1318 rediensq;Elephantem,

99 1368 319 1483 Nigrantes
336 1367 471 1453 sternit
481 1413 494 1470 ς
520 1368 670 1473 dextra,
690 1369 858 1483 laevaque
876 1395 947 1480 per
962 1372 1041 1457 alas

96 1503 319 1644 Fulminat,
338 1555 454 1648 atque
469 1561 588 1620 manu
606 1535 789 1648 spargens
805 1536 953 1622 hastilia
968 1539 1087 1624 saevit.

96 1702 265 1791 Bellanri
282 1700 380 1787 dant
395 1701 473 1784 tela
488 1701 629 1810 locum,
654 1721 837 1812 retroque
853 1699 1022 1788 refidunt

98 1871 219 1975 Hinc,
234 1891 350 1982 atque
365 1868 456 1955 hinc
471 1868 636 1956 inimica:
650 1869 774 1954 acies:
802 1871 983 1978 petreia,
1004 1877 1075 1982 per
1088 1871 1215 1958 hostes

99 2035 174 2120 Illa
186 2037 265 2125 ruit
281 2037 479 2151 pulchram
493 2040 534 2122 in
545 2057 737 2138 mortem,
764 2035 871 2122 fimul
883 2035 1021 2120 ultima'
1034 2059 1163 2128 tentat
1213 2066 1268 2142 3'60

100 2207 250 2314 Castra,
269 2207 371 2322 firgae
384 2204 523 2311 fidens,
548 2203 775 2312 animosque
793 2203 835 2285 in
849 2201 952 2288 bella
968 2169 1105 2292 viriles'

99 2379 213 2460 Saera
228 2373 348 2485 gerit:
373 2383 555 2480 penetrat
572 2393 731 2473 cuneos,
757 2351 966 2478 aperitque
974 2373 1074 2458 viam
1090 2375 1141 2462 vi.

98 2538 286 2624 Tandem
301 2534 406 2620 fusca
419 2531 574 2640 cohors,
598 2531 862 2646 nigrantisque
881 2533 1027 2620 arbiter
1046 2538 1115 2623 alae

99 2705 189 2815 Ipse
207 2705 327 2789 etiam
342 2695 449 2786 arma
464 2699 539 2784 suae
556 2698 741 2810 trepidus,
756 2695 941 2809 viresque,
960 2702 1183 2816 animosque

99 2872 274 2984 Virginis
286 2869 489 2980 implorat:
518 2865 622 2950 nulla
635 2865 692 2948 est
705 2891 829 2972 mora,
847 2865 997 2954 fervida
1009 2873 1189 2958 Amazon
1210 2903 1263 2976 ,ες

98 3039 269 3144 Emicat,
290 3058 407 3149 atque
427 3031 565 3118 ardens
585 3031 740 3142 paribus
755 3031 796 3116 se
813 3030 905 3116 fistit
919 3033 1105 3122 in'a'rmis.

100 3207 234 3316 Qem
251 3205 416 3314 primum
429 3201 550 3305 hasta,
561 3217 626 3280 aut
639 3225 752 3309 quem
764 3199 998 3308 postremum
1011 3203 1147 3291 bellica
1155 3209 1265 3324 virgo

100 3371 299 3477 Demetis,
325 3388 392 3454 aut
409 3333 508 3480 quot
521 3365 626 3450 humi
642 3362 847 3450 candentia
864 3383 1028 3478 corpora
1044 3370 1210 3484 linquis?

101 3539 353 3624 Semianimes
368 3536 572 3622 volvuntur
585 3531 675 3642 equi
691 3531 880 3643 niveique,
906 3533 1098 3648 nigrique,

98 3713 154 3820 Et
168 3705 343 3816 peditum
360 3702 486 3805 cunei,
511 3697 905 3808 dsseuaque'petrora
921 3702 1044 3784 Marti
1207 3745 1262 3802 ῃ.
1425 3773 1428 3780 .

99 3871 259 3984 Aligera
269 3873 428 3984 juvenes
444 3868 622 3951 ineuntes
639 3865 740 3950 belia
755 3865 906 3980 sagitta.
1080 3935 1086 3946 ,

98 4037 200 4150 Qis
216 4035 364 4123 cladem
381 4033 503 4120 fando
517 4033 630 4139 illius,
658 4032 741 4146 quis
755 4033 892 4116 funera
908 4060 1062 4148 pugnae,

98 4207 386 4317 Prostratosque
407 4201 522 4288 duces
542 4199 670 4310 speret
685 4199 724 4284 se
739 4225 888 4311 aequare
905 4197 1108 4284 canendo?

157 4347 161 4356 ¹
1069 4367 1263 4452 Sternitur
