3138 5142
432 337 744 425 Crumruum
769 341 955 424 Lrssu.
1209 375 1284 444 107

116 531 197 658 Tu,
215 553 415 640 coelestum
433 557 585 671 agitans
601 557 758 642 mortali
775 583 942 668 corpore
959 557 1092 664 vitam,
1229 597 1286 644 ιιο

119 719 348 834 Oblitusque
363 722 577 829 hominem,
603 723 751 810 &coeli
768 751 861 809 cava
877 723 1005 810 nubila
1019 746 1191 832 tranans,

118 886 251 973 llrdua
261 908 451 978 terrarum
464 919 537 976 nos
552 891 728 1003 linquere
742 911 877 977 mente
893 891 1076 1004 jubebam

117 1054 429 1170 ostendensque,
449 1057 588 1142 breves
603 1086 716 1171 qnam
733 1058 778 1142 srt
794 1059 967 1144 mortalis
984 1058 1034 1144 ad
1051 1060 1137 1142 usus

117 1221 325 1329 Conditio,
351 1249 467 1336 quam
485 1251 560 1307 nos
574 1225 698 1311 fluxos
715 1245 854 1310 natura
865 1227 1020 1332 crearit,

118 1387 957 1506 Suadebas,contravulgicommuniavota,
1232 1427 1283 1486 ιη

116 1559 308 1641 Mortales
325 1578 578 1644 contemnere
594 1585 704 1670 opes,
731 1580 985 1646 contemnere
999 1559 1183 1644 honores.

116 1723 199 1806 Etfi
215 1723 319 1811 dives
332 1753 450 1850 opum
464 1727 601 1812 flueret
612 1727 687 1812 tibi
701 1726 816 1839 copia
830 1728 994 1842 semper,

115 1890 239 1974 Dives
252 1920 386 2002 opum,
413 1895 486 1978 tibi
507 1921 643 2005 pareus
656 1922 755 2001 eras,
781 1893 848 1979 sed
860 1893 988 2007 largus
1000 1893 1147 2008 egenis.

116 2057 223 2143 Hinc
237 2060 369 2171 etiam,
396 2090 481 2176 quae
496 2073 651 2148 tantuin
666 2061 762 2146 alios
775 2060 932 2176 quaellta
947 2057 1106 2176 fatigat,

117 2228 228 2337 Saepe
243 2227 389 2335 oblata,
416 2229 497 2312 alta
512 2231 642 2336 spreta
658 2177 802 2310 esttibi
817 2253 987 2338 purpura
1005 2246 1161 2317 mente:
1233 2256 1287 2306 no

114 2394 256 2506 longe
272 2393 366 2476 alios
385 2391 552 2505 flagrans
569 2390 744 2474 inhiabas
766 2389 886 2474 corde
904 2391 1077 2478 rubores.

115 2559 158 2643 si
175 2560 246 2644 tibi
265 2557 347 2642 fors
362 2545 546 2671 unquam,
573 2557 602 2642 fi
618 2577 797 2668 tempora
813 2557 918 2640 sorte
934 2555 1124 2643 dediffent

112 2729 193 2809 Pro
206 2725 377 2836 templis,
404 2725 551 2836 arisque
570 2745 678 2810 tuum
693 2722 863 2808 effudisse
876 2749 1069 2833 cruorem,

114 2877 249 3004 Atque
264 2887 319 2976 ito
331 2919 522 3005 purpurea
539 2911 656 3004 caput
670 2892 1045 3010 infignirelcorona.

114 3061 278 3146 Nullum
297 3059 389 3144 ideo
403 3057 589 3146 horrebas
604 3059 809 3148 discrimen
825 3057 964 3171 sponte
979 3057 1120 3168 subire,
1232 3089 1283 3154 ¹²5

116 3231 208 3340 Jam
220 3226 324 3312 duris
340 3227 508 3314 animum
525 3228 689 3313 assuetus
705 3251 942 3338 quaeornque
957 3223 1135 3312 ferendo.

108 3401 172 3504 ¹lit
188 3393 386 3510 liquando
403 3393 563 3502 (etenim
574 3357 706 3480 'virtus
722 3391 894 3477 obnoxia
906 3391 1059 3508 semper

116 3563 278 3670 Iffibus,
304 3557 511 3672 infestique
526 3561 613 3672 pios
630 3559 751 3646 odere
772 3559 942 3672 profani)

115 3728 289 3816 Horrida
306 3729 514 3838 tempestas
532 3749 574 3813 te
589 3735 727 3814 contra‘
742 3726 849 3811 forte
865 3745 1005 3812 coorta
1022 3723 1092 3832 est,

115 3897 346 3982 Inconcuffo
363 3897 495 3982 animo
509 3913 551 3980 te
567 3893 746 3982 fluoribus
765 3890 994 4004 opponebas
1234 3917 1289 3990 ¹2⁰

115 4063 325 4170 Omnibus,
353 4075 393 4149 ὅτ
408 4065 550 4149 ἱταᾶαε
569 4057 772 4147 temnebas
790 4055 930 4144 arduus
946 4055 1082 4141 undas.

112 4233 204 4316 Nec
220 4251 353 4316 tamen
368 4251 522 4316 autores
543 4255 670 4334 noxa,
698 4253 784 4312 cum
803 4223 969 4336 perdere
985 4223 1109 4336 posses

822 4397 907 4492 Or
1202 4384 1290 4508 lpse
