3170 5150
257 335 309 430 84
479 337 666 414 Mrncr
702 333 1033 416 Hieromumr
1069 335 1209 420 Vrnn

254 545 445 653 Immites,
469 547 598 632 donec
615 549 738 632 macie
751 551 951 634 consedens
968 559 1009 634 dt
1024 575 1129 664 aeger

251 715 371 804 mnis
385 713 572 802 exhausto
582 715 689 800 velut
705 715 816 799 omni
826 714 1013 830 sanguine
1032 717 1170 824 scetus,

255 882 520 994 Nativumque
535 883 651 968 decus
665 880 808 994 posuit,
835 882 930 972 dum
945 880 1111 994 plurima
1134 885 1278 998 ubique

254 1049 467 1136 Deformat
482 1048 608 1134 sedios
626 1070 732 1134 artus
748 1048 954 1134 inhonesta
969 1050 1139 1144 cicatrix.
1371 1087 1426 1147 μς

254 1218 400 1332 Tuque
415 1215 510 1305 ideo
527 1219 616 1302 vitae
634 1215 752 1331 usque
770 1243 923 1302 memor
936 1216 1138 1326 brevioris,
1164 1219 1229 1307 ubi
1248 1245 1372 1302 annos

255 1388 346 1476 Post
354 1387 503 1503 aliquot
510 1385 763 1498 (nequeenim
777 1410 1307 1499 numemm‚nequetempora
1318 1415 1430 1497 pono

252 1559 377 1668 §ersa
393 1555 478 1666 tibi)
493 1553 686 1641 addideris
704 1551 856 1639 decoris
874 1551 978 1660 sartis,
1005 1574 1123 1668 atque
1138 1551 1293 1660 nitoris,
1346 1605 1353 1620 -

254 1731 412 1838 Rumpe
429 1750 574 1836 moras,
599 1750 698 1834 opus
713 1721 915 1832 ingentem
934 1720 1092 1807 dimitte
1109 1747 1181 1833 per
1193 1721 1346 1825 orbem,
1440 1751 1443 1756 ·

253 1899 405 2020 i’erque
423 1919 574 2014 manus,
592 1913 737 2004 perque
757 1915 829 1974 ora
845 1890 971 1975 virum
988 1891 1175 2000 permitte
1191 1885 1335 2003 vagari.
1374 1919 1432 1979 520

256 2057 462 2148 Continuo
475 2021 570 2147 iaeto
589 2077 631 2146 te
647 2053 970 2175 dulces'undique
990 2059 1103 2146 amici

258 2229 470 2356 §rotantes
487 2226 620 2338 plausu
637 2227 852 2339 excipient:
881 2247 951 2310 tua
974 2225 1100 2342 gloria
1118 2229 1226 2314 coelo
1266 2279 1269 2286 ι

228 2495 233 2506 ¹
258 2393 461 2503 Succedet,
488 2371 709 2508 nomenque
728 2414 836 2482 tuum
849 2393 948 2507 sinus
965 2393 1120 2480 ultimus
1136 2397 1242 2482 orbis

258 2561 417 2674 Audiet,
443 2528 489 2650 ac
508 2563 809 2651 nullo-diffissum
828 2562 1046 2648 abolebitur
1058 2589 1155 2648 aevo.

257 2733 312 2814 Et
328 2728 548 2816 dubitamus
565 2755 662 2842 opes
683 2731 815 2820 animo
833 2751 1087 2848 contemnere
1105 2733 1222 2836 avari,
1375 2763 1427 2822 rar

258 2899 349 2989 Nec
364 2899 494 3008 potius
510 2896 706 3009 sequimur
725 2899 855 2982 dulces
872 2917 965 2988 ante
980 2899 1114 2984 omnia
1130 2898 1285 3010 Musas?

330 3064 374 3144 O
389 3062 604 3146 fortunati!
632 3063 768 3174 quibus
781 3063 876 3148 olim
897 3061 980 3150 haee
996 3065 1154 3182 numina
1171 3065 1309 3176 destra

259 3231 481 3312 Annuerint
496 3249 690 3340 praecepta
705 3230 826 3342 sequi,
852 3257 985 3342 quaeve
1006 3229 1087 3341 ipse
1104 3233 1282 3348 canendo

259 3393 364 3506 Jussa
380 3394 472 3479 dedi
492 3394 627 3518 plenus
644 3395 813 3501 Phoebo,
830 3394 1094 3508 attonitusque
1109 3398 1265 3496 furore;
1303 3389 1307 3397 ¹

257 3557 434 3674 Qando
450 3589 532 3648 non
547 3581 649 3649 artes
666 3562 754 3650 satis
769 3565 871 3673 ulsae,
896 3564 1178 3674 hominumque
1192 3564 1360 3671 labores,
1374 3596 1433 3674 rra

256 3735 312 3818 Et
327 3757 416 3818 mea
431 3730 536 3816 didta
553 3757 691 3840 parum
706 3729 869 3842 prosint,
895 3732 937 3816 ni
957 3729 1122 3842 desuper
1140 3729 1237 3816 adfit

128 3857 146 4022 ¹·
260 3897 469 4022 Auxilium,¹
495 3926 541 4013 ac
556 3900 722 4008 praesens
737 3895 849 3980 favor
862 3897 1147 4007 omnipotentis
1160 3895 1334 4008 Olympi

261 4064 350 4172 ipse
364 4066 463 4150 viam
481 4084 634 4154 tantum
648 4064 762 4173 potui
780 4062 947 4148 docuisse
964 4085 1161 4174 repertam

264 4233 396 4353 ponas
414 4232 463 4316 ad
482 4175 650 4335 montes,
677 4229 872 4350 longeque
892 4229 1096 4318 ostendere
1112 4229 1257 4340 Musas,

1332 4397 1442 4480 Plau·
