3170 5150
292 343 342 410 16
500 323 689 400 Mnuct
736 317 1068 400 Httnouvmr
1116 326 1260 408 Vrnn

285 547 396 655 Ergo
421 535 505 622 illas
529 532 695 618 tumidas
710 531 833 646 jubeo
849 532 1070 640 observare,
1097 537 1184 648 (nec
1203 540 1344 656 ingens

285 707 411 796 Nolle
426 704 551 815 labor)
572 727 623 786 ne
639 697 867 808 improvisus
884 701 1004 814 sopor
1017 728 1205 816 occupet:
1234 709 1340 794 ultro

286 877 406 990 Signa
421 871 568 958 dabunt
584 867 697 978 ipfae:
727 867 835 952 coelo
850 869 980 980 capita
995 872 1115 957 ardua
1132 875 1276 962 tollent

286 1043 476 1148 Arredtae,
499 1037 763 1152 spernentque
779 1035 920 1147 dapes:
950 1057 1034 1122 tum
1049 1041 1163 1154 pigra
1176 1045 1333 1131 notabis
1405 1067 1464 1138 aar

287 1209 436 1316 Corda,
460 1206 611 1294 animos
627 1203 782 1309 relides,
806 1204 956 1290 insueta
969 1205 1119 1292 silentia
1136 1209 1287 1295 menfis.

285 1383 389 1468 Non
403 1398 538 1462 tamen
555 1373 738 1459 adveniet
753 1373 911 1458 somnus
927 1371 1037 1460 funul
1050 1375 1229 1462 omnibus
1253 1379 1371 1466 idem.

284 1551 489 1636 Iusomnes
510 1544 647 1654 alique
661 1539 835 1653 vigilant,
855 1539 949 1626 dum
966 1541 1081 1628 turba
1094 1543 1257 1658 quiescit

285 1719 455 1820 Caetera,
484 1708 656 1796 nondum
677 1725 794 1817 aptae,
822 1725 981 1792 teneros
998 1711 1137 1822 qulbus
1151 1713 1288 1830 alliget
1301 1735 1412 1805 artus

285 1893 468 1994 Irrepens
486 1880 625 1989 sopor:
654 1873 864 1960 advenient
879 1873 947 1960 fua
963 1895 1144 1990 tempora
1161 1893 1201 1968 rr
1218 1883 1306 1992 illu,
1411 1919 1469 1983 ιφ

287 2055 421 2162 Atque
438 2071 576 2132 omnes
594 2041 756 2129 tandem
779 2040 993 2130 demittent
1009 2043 1157 2130 lumina
1173 2050 1326 2137 somno.

286 2195 395 2303 Cura
409 2216 455 2301 frt
471 2215 622 2298 interea
635 2210 833 2296 insomnes
848 2209 994 2328 legere,
1019 2232 1140 2326 atque
1154 2237 1359 2330 vagantes,

287 2383 539 2496 Secretusque
554 2382 638 2466 aliis
653 2378 769 2464 aliam
781 2382 865 2464 cito
879 2377 1047 2492 mansfer
1062 2383 1104 2468 in
1120 2383 1257 2470 aulam

285 2557 433 2667 Sopitae
446 2550 638 2638 stabulent
655 2545 784 2632 fimul:
813 2547 874 2634 his
889 2575 962 2658 par
979 2550 1160 2636 omnibus
1177 2572 1295 2638 retas:

285 2729 382 2808 Una
398 2721 512 2833 operi
527 2717 772 2822 incumbent,
797 2726 839 2802 dr
861 2715 1005 2802 eodem
1018 2738 1198 2830 tempore
1213 2721 1293 2806 sese
1407 2755 1462 2820 ης

285 2889 459 2973 Artubus
478 2885 664 2974 exolvent
681 2885 817 2994 supera
830 2883 882 2969 ad
898 2909 1073 2970 convexa
1091 2887 1282 2974 volantes.

285 3058 471 3164 Dumque
486 3057 597 3136 Deus
612 3053 752 3160 stratis,
777 3049 1002 3138 thalamil've
1020 3054 1215 3140 silentibus
1231 3055 1311 3142 ales

281 3225 442 3336 Regnat
459 3208 624 3304 Lethaeo
640 3175 876 3330 perfundens
891 3249 1059 3334 corpora
1077 3249 1183 3330 rore,

282 3389 425 3474 Pabula
439 3385 658 3474 fubtralrito
674 3384 802 3496 solita,
828 3387 1088 3503 frondemque
1103 3409 1263 3504 negato.

281 3559 388 3644 Nam
414 3553 573 3640 tumide
588 3555 739 3640 interea
756 3579 950 3642 renovant
964 3559 1165 3668 torpentia
1180 3559 1347 3646 alumne
1402 3595 1463 3658 300

281 3707 477 3834 Corpora,
497 3734 540 3808 dt
556 3723 711 3808 exuvies
728 3703 895 3832 veteres}
920 3752 965 3810 ac
984 3725 1159 3842 tegmina
1178 3745 1352 3838 ponunt,

277 3899 333 3979 Et
349 3888 514 3976 nitidam
529 3889 701 3976 induitur
713 3889 838 4002 pubes
853 3912 1043 3982 renovata
1053 3895 1268 4006 juventam.

280 4061 379 4166 Ceu,
405 4055 543 4144 fodere
561 4054 701 4142 domos
717 4057 941 4167 serpentum
956 4059 1024 4143 ubi
1045 4061 1191 4148 lubrica
1205 4063 1324 4148 turba

280 4228 360 4312 Sub
377 4246 535 4336 terram,
556 4226 740 4316 veniente
759 4225 912 4336 hyeme,
940 4227 1043 4314 stant
1059 4229 1207 4344 frigore
1224 4233 1389 4335 inertes,

1340 4403 1460 4486 Dum
