3138 5142
455 305 967 410 Scuccu1nLunus.
1242 324 1294 402 67

128 521 170 604 1t
185 518 339 632 nigrum
357 518 502 632 eampis
518 547 674 634 agmen,
701 521 776 604 stat
791 521 933 634 ubique
949 526 1108 634 morari,

128 688 421 799 Fortunamque
433 713 592 772 omnem
608 706 776 796 tentare,
803 687 1003 802 aditusque
1018 691 1199 777 nocendi.

127 851 289 938 Exultat
302 871 440 938 contra
454 882 536 940 non
552 881 665 964 aequo
682 855 813 964 praelia
826 876 939 940 motu
1238 899 1293 959 445

128 1019 321 1127 Cynthius
336 1017 547 1108 invadens2
573 1018 691 1104 facies
706 1019 866 1136 indigna
879 1021 1106 1125 cohortum;

126 1193 239 1275 Heul
258 1185 377 1270 facies
391 1183 606 1271 miseranda
619 1185 759 1272 ducum
769 1230 783 1288 ς
809 1213 899 1272 raro
915 1188 1072 1302 agmine
1089 1208 1225 1300 aperta

125 1352 263 1438 Castra
278 1370 416 1464 patent
430 1353 524 1460 late,
549 1351 715 1438 viduata
729 1363 771 1438 ὅτ
784 1352 926 1440 civibus
940 1354 1047 1443 aulae.

124 1521 358 1606 Moerebant
372 1521 499 1608 vacuis
513 1519 692 1605 thalamis
706 1541 893 1634 regnator
908 1541 1074 1634 uterque

122 1687 359 1802 Jamdudum
376 1685 478 1773 exoli
498 1685 580 1772 fine
594 1686 891 1801 conjuge'taedia
905 1687 1009 1774 lenti.
1155 1745 1157 1752 ι
1232 1727 1292 1788 4ςρ

121 1856 271 1942 Primus
289 1880 400 1940 amor
416 1870 573 1940 maneat
589 1849 762 1970 quamvis
778 1852 962 1940 immotus
976 1859 1159 1973 utrisque,

10 2059 12 2064 ·
122 2023 216 2108 Sors
229 2042 361 2109 tamen
376 2020 426 2109 ad
441 2049 544 2108 nova
556 2020 752 2136 conjugia,
767 2040 886 2135 atque
900 2053 1024 2115 novos
1034 2032 1270 2132 Hymenaeos

121 2189 267 2276 Flectit
281 2189 431 2303 iniquae
457 2191 576 2304 igitur
589 2189 758 2299 primum
776 2217 845 2273 rex
861 2192 1024 2304 agininis
1040 2191 1117 2276 albi
1226 2179 1237 2194 ⁸

99 2357 288 2470 'Regina
302 2355 464 2438 comites
478 2352 588 2457 olim,
614 2350 785 2462 fidasque
801 2353 989 2440 ministras

122 2523 264 2637 Regali
278 2521 418 2614 invitat
435 2517 622 2625 thalamo,
648 2545 733 2629 quae
747 2517 884 2604 fimeta
897 2521 1047 2606 moellae
1232 2557 1288 2622 455

120 2689 212 2779 1²0st
224 2685 308 2774 feta
325 2685 532 2772 bellatricis
547 2683 664 2792 hera,
690 2685 770 2770 tela
786 2685 897 2769 irrita
911 2686 1019 2772 bello

122 2857 347 2971 Jatlabann
369 2853 470 2940 acies
485 2852 589 2938 inter
603 2853 821 2967 cuneosque
835 2853 1051 2968 nigrantes,

121 3027 341 3136 oppetere,
366 3021 505 3110 amiffae
519 3019 688 3110 domina
706 3047 783 3136 pro
799 3020 920 3132 caede,
939 3041 1097 3134 paratae.

120 3187 200 3278 Sed
213 3191 317 3303 prins
333 3191 537 3304 explorate
551 3187 658 3275 ausus
672 3187 795 3294 sedet,
821 3208 939 3302 atque
956 3187 1083 3276 viriles

120 3357 359 3444 eunetamm
377 3353 550 3468 spetstare
565 3353 730 3463 animos,
755 3374 802 3440 ut
816 3353 935 3471 digua
951 3354 1078 3444 cubile
1229 3377 1289 3452 '460

118 3531 271 3610 Intret:
301 3525 343 3612 in
358 3523 515 3610 hostiles
529 3522 652 3628 sedes,
677 3509 793 3638 at'que
810 3520 947 3608 ultima
960 3523 1082 3618 eastra

116 3697 401 3808 Hortanuqne,
411 3693 600 3808 jubetque
614 3690 831 3800 supremam
842 3685 1083 3800 apprendere
1097 3709 1255 3780 metam.

114 3859 229 3946 Nulli
243 3859 302 3946 fae
316 3857 463 3946 etenim
482 3857 585 3972 tegis
602 3857 755 3967 sperare
769 3855 906 3962 cubile,

114 4026 254 4136 (Pana
269 4027 425 4136 vetant)
439 4023 507 4112 nisi
522 4051 610 4137 qua
628 4049 699 4135 pet
717 4025 794 4109 tela
808 4023 975 4127 inventa,
1000 4049 1072 4132 pet
1087 4021 1229 4132 husten,

114 4191 340 4292 Transantis
359 4191 489 4308 spatiis
505 4189 654 4284 cunetis
672 4189 830 4300 impune
846 4187 1020 4298 suprema
1228 4209 1282 4282 ⁴65

743 4362 765 4454 1
794 4387 818 4450 a
1097 4351 1286 4466 Attigerit
