3170 5150
283 343 332 396 so
499 310 683 390 Masei
724 305 1061 390 Hrsaouvsri
1098 309 1241 396 Vnus

280 467 462 641 Corpore
476 523 619 609 deinde
639 523 761 608 austae
776 521 966 608 oanabula
983 520 1110 632 prima
1131 525 1380 639 relinquent.

277 697 384 781 Tum
400 693 583 804 cunstam
598 691 640 774 in
653 689 832 798 populos,
858 687 901 775 in
916 687 1025 774 vicos
1040 689 1170 777 divide
1194 659 1381 808 pentem,
1415 733 1465 790 ης
1552 749 1553 816 l

277 863 507 974 Divisasque
524 857 633 946 dabis
650 854 773 964 sedes,
798 855 1024 969 secremque
1040 883 1174 970 regna.

277 1033 369 1116 Nec
385 1025 476 1114 satis
492 1028 570 1112 hoc
589 1021 724 1110 semel:
761 1044 805 1107 at
821 1025 974 1136 quoties
990 1023 1051 1110 his
1070 1027 1178 1110 arsia
1196 1029 1347 1120 videbis

277 1199 367 1309 Esse
382 1197 520 1282 domus
537 1194 675 1305 spatia,
701 1213 893 1303 augentur
909 1193 1002 1278 dum
1018 1221 1188 1304 corpora
1207 1197 1365 1316 cuique,

276 1371 361 1454 Has
381 1365 502 1449 toties
521 1361 665 1475 legere,
692 1359 812 1472 inque
832 1387 953 1444 novas
968 1359 1148 1446 diducere
1164 1362 1272 1450 sedes
1428 1375 1434 1389 '

275 1537 344 1620 Ne
361 1531 511 1636 dubita,
536 1529 664 1614 donec
682 1525 829 1612 tabulas
844 1527 1062 1639 impleveris
1081 1557 1230 1618 omnes.
1404 1571 1460 1630 150

231 1723 236 1734 ·
273 1704 365 1786 Nec
384 1717 518 1791 tamen
534 1697 686 1781 interea
700 1723 838 1807 parvas
855 1723 939 1780 non
952 1693 1109 1807 pascere
1124 1719 1298 1806 oportet.

270 1869 335 1950 Ut
352 1866 520 1975 primum
538 1862 747 1950 hauserunt
763 1865 858 1970 coeli
874 1889 998 1967 tutas,
1021 1861 1164 1972 pabula
1182 1863 1364 1980 poscunt,

274 2031 503 2136 Affuelcunt
515 2032 598 2146 jam
615 2052 697 2116 orm
716 2031 894 2143 dapibus,
921 2029 1146 2142 mensasque
1166 2032 1383 2146 requirunt.

255 2198 354 2285 ’Sed
371 2199 544 2311 prodest,
570 2199 747 2286 nondum
762 2199 954 2284 thalamos
970 2219 1132 2310 experta
1148 2201 1276 2310 puella

274 2371 402 2454 Prima
417 2393 536 2452 manu
552 2387 690 2452 tenera
706 2387 860 2452 teneras
878 2365 907 2452 li
923 2367 1055 2478 pascat
1073 2364 1260 2454 alumnas.
1396 2409 1447 2467 us

275 2535 442 2622 Primam
463 2555 595 2640 autem
612 2537 712 2623 mori
731 2537 889 2647 pubem,
917 2555 1036 2648 atque
1052 2538 1264 2625 tenerrima
1277 2538 1432 2652 semper

273 2708 450 2818 Qaeque
467 2703 618 2818 legunt,
644 2704 738 2789 dum
754 2732 848 2817 grex
865 2723 978 2790 tener
991 2705 1059 2810 est,
1076 2727 1192 2817 atque
1208 2706 1349 2794 inscius
1362 2707 1448 2794 aevi.

273 2873 478 2956 Continuo
493 2890 670 2956 veterum
687 2871 807 2956 veluti
823 2895 975 2956 memor
989 2869 1053 2956 ille
1065 2892 1273 2984 parentum

274 3037 464 3151 Agnoscit
478 3034 607 3121 vescas
621 3033 796 3143 frondes,
823 3037 996 3154 ipsasque
1009 3057 1186 3126 recentes
1308 3091 1313 3100 ,

272 3203 485 3316 Deposcit:
513 3229 606 3328 nam
623 3203 652 3290 li
669 3205 793 3316 plenis
809 3205 1009 3292 serventur
1028 3207 1070 3292 in
1085 3207 1233 3292 horreis
1392 3231 1449 3298 sto

271 3372 488 3478 Hesterna,
510 3370 631 3456 dulcis
647 3373 747 3458 succi
762 3373 1024 3484 corrumpitur
1040 3401 1146 3484 aura,
1262 3449 1270 3460 .

105 3515 109 3524 '
269 3545 324 3625 st
337 3538 453 3650 sapor
468 3537 642 3652 ingratus
657 3539 772 3646 subit,
797 3559 916 3652 atque
935 3541 1152 3628 inamabilis
1171 3541 1321 3629 haustu.
1428 3567 1453 3588 ·*

269 3713 391 3828 olane
407 3727 546 3817 petunt
567 3706 688 3820 igitur
704 3708 837 3814 sylvas,
864 3719 906 3794 δι
920 3735 1085 3822 quaque
1100 3691 1308 3821 reportant

267 3871 409 3958 Pabula
422 3872 524 3958 lesia
537 3870 603 3957 die
621 3872 789 3980 samulae,
816 3893 1050 3988 gratumque
1066 3875 1242 3964 laborem
1388 3989 1396 4010 ⁹

266 4043 424 4128 Sortitae
440 4041 545 4125 inter
558 4039 598 4122 se
613 4037 709 4124 folia
723 4039 871 4126 illibata
885 4043 1059 4128 canistris

264 4207 502 4319 Expediunt,
526 4191 623 4324 legit
645 4208 723 4316 illa,
751 4208 910 4296 domum
925 4201 1004 4294 fert
1022 4211 1143 4298 altera
1159 4211 1274 4320 leto,

1376 4387 1448 4470 In·
