3138 5142
318 353 395 422 106
556 337 734 416 Mnuct
760 333 1251 420 H1uuouum1V1nu

316 547 475 640 Occidis
492 577 519 632 o
534 547 657 632 nostri
670 505 801 655 dedus,
828 560 869 634 &
884 547 949 633 lux
966 548 1080 634 unica
1096 547 1205 634 secli!

316 719 491 824 Occidis,
512 726 554 801 dt
571 713 714 800 nusum
731 743 805 800 nos
823 715 902 799 alta
919 717 961 799 in
976 717 1095 802 node
1114 717 1324 829 relinquis!

314 887 380 974 Te
395 888 603 991 moriente,
630 883 739 970 fimul
757 904 848 968 toto
866 883 1063 968 detractus
1081 883 1259 996 Olympo

315 1054 383 1140 Sol
397 1053 568 1165 penitus,
594 1050 782 1164 rebusque
797 1049 950 1136 videtur
964 1050 1098 1136 lumen
1112 1049 1362 1164 ademptum:
1451 1093 1494 1158 ,ο

313 1227 363 1306 Iu
378 1221 487 1333 pejus
499 1223 581 1334 jam
601 1245 760 1304 cernere
776 1221 854 1304 erit
871 1243 981 1304 ruere
997 1217 1129 1302 omnia
1144 1217 1307 1328 rursum,

313 1394 369 1472 Et
383 1389 486 1473 bene
503 1409 639 1499 coepta
653 1387 796 1471 iterum
812 1405 921 1470 retro
936 1383 1114 1496 prolapsa
1127 1385 1276 1470 referri.

313 1561 378 1640 Ut
392 1583 466 1666 pro
479 1575 521 1640 te
538 1555 784 1642 mndlantem
801 1551 970 1636 animam
986 1550 1096 1662 prior
1109 1553 1190 1664 ipse
1206 1550 1411 1664 dedill'em,

310 1721 638 1834 Tercentumqne
651 1718 728 1825 alii,
757 1745 923 1832 quorum
941 1719 1067 1804 minus
1084 1720 1188 1806 utilis
1203 1742 1310 1830 etas,

310 1893 365 1974 Et
383 1891 518 1997 virtus,
544 1886 823 2004 longotuvita
839 1885 994 2002 dignior
1013 1899 1118 1972 ενοι
1447 1931 1485 1994 ⁹5

309 2053 398 2167 Ipse
419 2057 516 2140 milui
530 2058 572 2139 in
590 2056 699 2141 cunis
716 2051 853 2137 videor
869 2079 942 2137 ceu
958 2053 1133 2138 mollibus
1146 2053 1277 2140 infans

309 2221 510 2330 Desertus,
535 2219 665 2306 media
686 2245 804 2330 quem
820 2219 977 2306 somnus
992 2221 1109 2306 noste
1124 2221 1295 2334 reliquit,

310 2391 414 2474 Cum
430 2389 500 2474 libi
516 2387 674 2474 nutricis
689 2387 807 2472 sentit
823 2385 960 2472 solatia
972 2387 1117 2474 blanda

309 2557 464 2661 Deeffe,
489 2557 619 2640 locum
638 2555 807 2670 querulis
822 2581 980 2641 omnem
995 2556 1189 2670 rugitibus
1207 2555 1357 2672 implet.

308 2725 429 2837 Cujus
446 2749 524 2838 ego
541 2721 743 2807 admonitu
757 2721 917 2833 posthac
932 2749 1170 2836 componere
1185 2726 1328 2812 vitam!
1425 2767 1480 2816 ιω

310 2889 428 3002 Cujus
446 2915 524 3004 ego
538 2889 724 3002 impreffis
740 2889 816 2976 niti
833 2889 993 3006 vestigia
1007 2890 1144 3007 lignis!

306 3045 404 3168 Qo
421 3055 520 3143 duce
535 3057 698 3144 tendere
717 3057 794 3140 iter
808 3077 952 3168 potero
965 3086 1037 3170 per
1052 3058 1165 3146 devia
1177 3071 1378 3171 coeptuml

308 3225 466 3310 Circum
482 3246 615 3312 errant
632 3223 792 3332 umbrae,
820 3225 1063 3338 tenebrisque
1077 3226 1257 3312 involvor
1272 3227 1450 3332 obortis;

307 3395 470 3504 Jamque
485 3393 707 3506 magisterii,
724 3392 980 3506 quodcunque
998 3393 1069 3500 est,
1090 3394 1266 3505 poenitet
1284 3393 1420 3512 hujus:
1545 3355 1547 3432 ‘¹

304 3559 548 3672 leotero
563 3556 643 3642 dux
658 3559 734 3642 else
751 3559 835 3644 aliis
852 3560 1067 3647 errantibus
1084 3558 1166 3672 ipse
1421 3601 1475 3662 1⁰5

305 3725 480 3832 Obfitus,
506 3734 548 3812 ὅτ
560 3725 683 3840 nigrae
696 3727 824 3814 nouis
842 3725 1008 3839 caligine
1025 3729 1194 3840 pressus!

303 3893 369 3977 Tu
383 3891 478 3976 mihi
493 3891 624 3978 lumen
642 3906 748 3979 eraut
776 3913 821 3980 tu
834 3893 920 3978 fax!
947 3912 990 3978 tu
1007 3897 1170 4006 previus
1185 3893 1310 4009 iguis!

301 4058 365 4141 Te
379 4057 457 4142 stne
474 4059 531 4144 nil
543 4059 668 4146 dubiis
684 4061 781 4144 mihi
794 4086 904 4145 mens
917 4017 1117 4146 confidere
1129 4061 1264 4148 rebus!

299 4225 443 4310 Omnis
461 4227 592 4313 nostra
609 4227 713 4340 perit
733 4231 886 4343 penitus
903 4227 1043 4314 fiducia
1062 4241 1215 4316 tecum!

1410 4403 1475 4488 Tu
