3170 5150
308 347 385 400 tao
615 319 1039 407 Annornrtonns
1083 349 1145 405 no

351 441 669 536 v.17.Veslt'srtlum
683 464 758 522 atttt
767 449 800 545 ip
811 467 880 538 um,
889 447 973 546 &c.]
993 428 1089 547 μὲ.
1107 449 1359 526 Pourannr
1371 454 1464 527 Puer.

302 541 450 633 Instituit.
463 542 502 609 1.
514 563 548 608 2.
560 565 590 611 t.
604 565 636 635 3.
663 543 772 616 Poetae
834 543 890 614 dio
902 543 1020 616 babent
1032 543 1192 616 auditores
1206 543 1380 620 lettoresve
1392 549 1467 619 suos

302 632 424 706 dociles
437 631 580 720 reddere,
602 644 638 709 δι
658 657 814 709 attentos:
847 637 936 733 quod
962 632 1193 733 consequimur,
1216 657 1252 709 ut
1362 647 1465 739 'piuut

301 727 475 812 Rhetores,
498 723 522 798 fi
537 725 689 802 summam
704 729 805 803 causae
820 728 955 804 brevitet
970 755 1186 831 exponamus:
1210 740 1247 808 dr
1305 760 1465 834 propona-

305 847 376 896 mus
387 819 573 921 quibusnam
588 824 630 898 de
644 827 733 898 rebus
747 827 861 900 dieui
878 823 981 898 fimus.

349 943 382 990 v.
396 942 451 1004 19.
467 957 551 976 -·-
564 923 678 1016 Parcis
693 923 858 1018 attingunt
872 923 978 995 omnia
992 919 1089 994 disits
1100 921 1169 1020 διο]
1193 923 1276 995 Vrv
1286 945 1305 994 n
1316 947 1338 997 r
1348 953 1368 998 a
1379 947 1465 998 uus

301 1011 342 1085 de
357 1016 446 1088 Pati.
462 1018 501 1088 L.
513 1041 544 1088 2.
554 1039 586 1087 c.
597 1040 627 1108 5.
653 1019 700 1089 Ut
711 1013 855 1114 fitnplex,
878 1019 921 1088 ira
936 1019 1032 1090 etiam
1045 1013 1150 1094 brevis
1160 1015 1224 1090 else
1235 1018 1331 1091 debet
1342 1044 1463 1118 propo·

301 1104 384 1193 litio,
404 1133 475 1210 quae
486 1134 589 1184 rernm
604 1108 764 1205 fastigium
782 1108 901 1206 absque
912 1108 1117 1182 multitudine
1132 1109 1298 1184 verborum
1315 1117 1462 1208 attingat.
1481 1144 1484 1152 ¹

300 1203 384 1274 Non
400 1207 486 1278 enirn
505 1205 629 1280 auditor
642 1211 675 1278 in
692 1204 906 1301 propositione
917 1205 1106 1281 detinendus
1120 1205 1166 1278 eil
1184 1205 1299 1292 verbis,
1318 1211 1388 1304 qui,
1406 1209 1462 1282 ubi

298 1319 404 1372 cetum
420 1303 540 1374 exitum
552 1297 728 1398 &scopum
744 1302 868 1386 didicit,
881 1300 922 1373 ad
936 1303 1147 1374 narrationem
1162 1298 1301 1376 festinat.

348 1419 380 1467 v.
392 1419 450 1468 ao.
465 1437 547 1454 —-
560 1397 675 1472 umal
682 1396 811 1486 coelelit'a
827 1396 957 1472 Divum

299 1490 436 1567 Auxilia
451 1491 650 1592 implorant]
666 1493 859 1588 Ptaereptum
868 1491 931 1562 hoc
943 1489 984 1561 ab
994 1489 1134 1565 Htvttttt'
1144 1489 1339 1606 depromitur
1351 1516 1461 1566 mem·
1480 1519 1486 1528 ·

301 1584 368 1684 plo,
381 1590 448 1676 qui
473 1585 679 1684 propofitioni
702 1583 860 1681 utriusque
884 1587 1040 1680 poemuss
1059 1588 1297 1658 invocationem
1311 1589 1461 1662 intexuit.

301 1678 460 1774 largitus
486 1680 569 1752 hanc
593 1681 635 1752 ab
649 1679 704 1751 illa
720 1674 866 1774 sejunxit,
891 1679 971 1773 qnid
994 1702 1122 1753 canunt
1140 1683 1245 1778 primo
1266 1703 1462 1777 proponens,
1484 1727 1492 1738 ·

299 1774 376 1856 inde
388 1771 512 1852 Musam
525 1777 696 1848 invocans:
719 1773 804 1848 unde
822 1777 910 1870 parvi
925 1769 1040 1848 teserte
1057 1801 1096 1850 an
1113 1796 1215 1873 partes
1235 1774 1285 1847 he
1300 1777 1460 1874 unianmr,

301 1893 416 1956 necne,
439 1866 511 1942 satis
525 1871 658 1942 conllat.
839 1927 842 1936 .
1336 1911 1341 1919 ’

349 1986 380 2035 v.
392 1987 450 2036 21.
462 2004 551 2024 --
567 1965 707 2063 Propriis
720 1962 771 2038 rtis
788 1962 909 2040 odibat
922 1962 1015 2059 aust]
1034 1964 1063 2060 J.
1080 1949 1272 2038 Pourrn
1288 1990 1339 2040 us
1364 1970 1457 2044 Patr.
1487 2003 1491 2009 ·

300 2060 408 2152 Instit.
422 2063 503 2131 La.
518 2080 594 2152 eq.
637 2059 739 2132 Esica
756 2061 788 2132 in
803 2059 970 2131 hominum
989 2058 1148 2133 mentibus
1166 2061 1313 2158 impressa
1333 2066 1459 2160 opinio,

300 2151 383 2226 nibil
397 2154 529 2267 arduum
543 2180 582 2227 ae
594 2154 724 2270 difficile
736 2151 802 2228 fine
811 2154 931 2266 ccelelli
945 2154 1051 2270 qillatu
1064 2151 1151 2248 polle
1164 2153 1294 2270 perfici:
1320 2159 1457 2254 proinde

298 2247 854 2440 rsu.sslt⁵:¹;t:¹rssrs
870 2248 1456 2441 lgmaralius:

298 2437 365 2510 sum
382 2461 485 2538 poetae
498 2441 574 2514 dum
591 2437 725 2527 faciunt,
748 2438 881 2513 aliorum
905 2443 1030 2512 animos
1047 2440 1088 2512 ad
1108 2440 1362 2516 benevolentiam
1387 2373 1455 2524 alli,

298 2538 399 2606 ciunt.
422 2535 525 2608 Pietas
538 2537 625 2610 enim
641 2535 860 2610 ellamabilis:
878 2555 912 2608 ut
924 2535 1071 2608 omittam
1086 2535 1174 2631 quod
1188 2538 1394 2614 invocatione
1406 2558 1454 2608 at·
1485 2567 1489 2576 ·

298 2633 474 2702 tentionem
491 2629 643 2705 summam
661 2631 967 2729 admirationemque
988 2651 1206 2720 commoveor,
1230 2631 1359 2729 perinde
1374 2631 1451 2706 acfi
1524 2645 1531 2659 '

296 2723 514 2798 illadivinirns
528 2729 705 2802 efferantur.
1295 2770 1299 2780 ·

346 2845 378 2894 v.
390 2845 445 2894 aa„
470 2819 632 2917 Quaeret
645 2839 828 2896 memnon
837 2819 1228 2923 mquideniqttertsetri
1252 2821 1339 2918 Sape
1348 2842 1451 2920 poeto

298 2917 401 3000 Deos,
413 2917 469 3010 qui
483 2913 618 3008 praesunt
632 2917 722 2988 rebus
746 2917 781 2987 io
800 2940 897 3009 opere
912 2912 967 2986 suo
982 2915 1206 3006 memorandis,
1222 2921 1382 2991 invocant.
1405 2921 1451 2990 lta

297 3012 332 3080 in
348 3009 449 3080 Libris
464 3009 504 3081 de
511 3012 588 3082 Rev.
600 3009 689 3085 Mt.
701 3011 887 3092 Lucretius,
906 3010 939 3078 in
951 3013 1092 3084 lutam.
1105 3012 1298 3097 Ouidius&
1310 3016 1343 3086 in
1359 3015 1450 3089 Getr-

292 3103 376 3196 gitr'r
389 3102 558 3196 Virgilius.
588 3107 656 3175 Hic
668 3123 772 3176 autem
787 3109 823 3176 δι
837 3103 1002 3176 Homerus
1018 3107 1120 3201 Epicu
1132 3109 1273 3201 poemati
1287 3105 1448 3181 Musarum
1506 3117 1509 3124 '
1561 3171 1562 3176 ,

296 3199 534 3269 invocationem
547 3195 603 3270 sno
615 3196 863 3294 comprobarunt
873 3197 1024 3295 exemplo
1040 3195 1153 3270 melius
1168 3205 1349 3276 convenire.
1561 3203 1562 3296 l

344 3316 376 3363 v.
391 3303 445 3366 26.
470 3291 608 3386 Nersa!
623 3311 710 3392 opem
724 3289 1006 3390 implorares-mel,
1032 3291 1113 3390 &c.]
1138 3296 1335 3368 invocationi
1361 3293 1448 3369 locus

296 3386 354 3472 ell,
368 3388 494 3482 quoties
513 3408 608 3482 poeta
629 3413 749 3462 novum
764 3387 894 3483 aliquod
910 3389 1102 3482 aggreditur,
1123 3387 1164 3462 ad
1179 3413 1301 3462 morem
1317 3392 1451 3486 Virgilii
1561 3427 1562 3442 1

296 3479 465 3556 secundam
483 3485 668 3555 narrationis
691 3503 811 3579 partem
830 3481 1022 3569 inchoaturi,
1043 3487 1116 3558 AEn.
1131 3487 1212 3563 L.7.
1236 3489 1362 3580 quoties
1383 3485 1448 3558 fide
1561 3487 1562 3490 ’

293 3579 417 3670 majora
433 3599 659 3663 memorantur,
678 3576 784 3674 qualis
797 3576 842 3651 est
857 3576 1112 3652 Transformatio
1127 3573 1166 3653 T
1158 3579 1277 3673 rnj'attae
1294 3578 1395 3654 clallis
1415 3586 1449 3652 in

296 3671 481 3766 Nymphas,
496 3675 571 3788 ὧι..
582 3677 621 3744 L
630 3697 662 3759 9.
687 3681 722 3747 &
737 3675 861 3839 quoties
878 3669 1231 3786 mysteriarevelantqr,
1250 3698 1320 3769 qne
1331 3677 1391 3748 Dii
1403 3679 1451 3747 vi·

296 3766 411 3839 dentur
424 3766 466 3839 ab
481 3765 664 3842 holnrntbns
676 3766 751 3842 sedu
762 3795 786 3841 o
795 3765 978 3854 occultasse,
988 3793 1076 3864 cujus
1090 3791 1214 3862 generas
1228 3771 1272 3842 est
1285 3770 1450 3864 quodcun-

319 3885 359 3933 ue
370 3860 451 3933 vidit
465 3865 585 3935 AEnear
600 3863 683 3958 apnd
697 3861 829 3948 Inseros,
848 3863 921 3934 AEn.
935 3870 968 3933 6.
1002 3860 1176 3937 invocandi
1199 3859 1381 3938 occastones
1401 3865 1449 3936 ba

295 3886 367 4030 sunt
380 3958 558 4124 precipua,
570 3983 636 4032 non
649 3977 755 4030 autem
768 3953 853 4045 sole,
865 3956 1015 4030 utvidete
1026 3955 1189 4055 estpaffim
1201 3958 1235 4028 in
1247 3957 1345 4032 Iliaci.
1354 3959 1450 4060 Odys.

295 4061 329 4128 ἃ
342 4055 631 4244 &surripiens
647 4145 756 4219 ndum
772 4145 863 4242 &c.]
888 4148 958 4217 Ho
973 4167 1137 4221 aaaron
1158 4148 1199 4224 dt
1213 4153 1298 4228 Atre
1312 4101 1402 4228 Pota
1426 4069 1449 4246 't

367 4247 445 4314 Nec
459 4241 500 4314 lic
513 4244 647 4338 incipies
663 4261 697 4314 ut
711 4239 842 4338 scriptor
858 4241 995 4337 cyclicus
1011 4240 1103 4328 olim,
1447 4265 1464 4284 ¹·

368 4337 548 4416 lunanum
562 4339 675 4412 Priami
692 4328 878 4432 tantalo&
893 4336 1135 4415 notititiam.

1381 4434 1456 4510 Vr·
