3138 5142
296 373 342 468 38
508 365 688 446 Miror
726 362 1046 442 Hunnourur
1082 361 1220 452 Vrnn

287 583 409 666 Nunc
422 581 543 666 etiam
556 597 649 663 ante
664 575 800 662 oculos
816 581 910 682 Styx
924 573 1057 681 livida,
1073 575 1263 692 nigraque
1276 599 1413 690 regna,

287 748 547 862 Tartareique
561 744 669 833 canis
682 743 760 826 tria
776 763 947 856 guttura,
973 741 1222 856 monstraque
1237 741 1349 828 Ditis

290 919 507 1026 Impacnta,
523 913 650 998 brevis
666 937 716 995 ne
731 908 823 1040 vitae
844 908 984 1024 gaudia
1000 927 1190 1022 quaerant.

359 1081 515 1166 Idcirco
532 1079 689 1194 eligere
708 1103 837 1190 neque
852 1073 1034 1164 frondem
1047 1075 1177 1162 suffice
1190 1075 1304 1194 genti
1409 1098 1466 1168 ιιι

289 1248 493 1359 lnctll'um,
517 1274 645 1361 neque
662 1243 858 1358 potandos
875 1242 1091 1330 admoveris
1109 1271 1255 1332 amna.

290 1413 421 1526 Carpe
442 1441 557 1500 manu
575 1413 728 1519 resides,
754 1425 794 1499 &
811 1407 965 1498 funibus
979 1395 1204 1516 insidentes,

289 1585 338 1665 ln
354 1580 603 1694 tabulamque
618 1579 722 1662 refer
738 1579 895 1664 stratam
908 1578 1098 1662 velamine
1115 1577 1236 1664 molli.

290 1747 450 1864 Qippe
465 1745 531 1830 ubi
555 1743 751 1830 subtracto
770 1746 809 1828 se
826 1747 969 1829 mrsun
987 1745 1037 1828 ad
1056 1741 1138 1828 fata
1150 1745 1281 1830 vocari

289 1913 499 1997 Senserunt
516 1913 632 2018 vitiu,
652 1913 879 1996 turbantur:
908 1931 991 1996 tum
1007 1910 1115 1996 srmul
1130 1939 1283 2016 ornnes,
1410 1947 1466 2008 ιφ

290 2078 492 2164 Excidium
513 2078 631 2164 veluti
648 2076 768 2183 coelo,
790 2075 977 2186 terrisque
993 2077 1254 2190 propinquum

289 2245 512 2352 Immineat,
531 2271 618 2330 cum
638 2245 818 2355 supremo
836 2243 1016 2327 mortalia
1034 2243 1174 2328 cun&

290 2417 387 2497 Una
404 2413 487 2498 dies
503 2411 613 2498 dabit
625 2411 759 2519 exitio,
779 2409 996 2522 multosque
1011 2437 1085 2522 per
1102 2439 1224 2496 annos

292 2579 512 2666 Sustentata
526 2600 614 2666 ruet
629 2578 789 2690 perituri
805 2575 984 2663 machina
1002 2575 1150 2684 mundi,

290 2747 468 2832 Attoniti
484 2745 608 2832 dubiis
621 2765 835 2859 properant
849 2744 1065 2829 succurrere
1082 2745 1211 2830 rebue.‘
1410 2782 1463 2844 ης

292 2911 515 2996 Concubitu
531 2911 734 3026 indulgent
748 2939 900 3016 omnes,
916 2931 960 2994 ut
975 2911 1120 2996 sernina
1138 2910 1268 3028 gentis

292 3083 461 3161 Munere
478 3075 653 3163 defuutili
671 3077 761 3160 vitae
776 3077 864 3189 post
880 3077 963 3162 fata
979 3079 1214 3191 relinquant,

290 3249 345 3328 Et
363 3243 512 3328 servare
528 3267 649 3355 genus
664 3243 833 3351 valeant,
853 3219 1086 3356 stirpemque
1103 3247 1214 3330 tueri.

363 3412 454 3498 Nec
473 3437 581 3515 vero,
602 3407 767 3494 velutin
787 3409 896 3514 sylvis
912 3437 1032 3527 genus
1047 3439 1167 3496 omne
1184 3413 1370 3521 ferarum,

290 3573 556 3690 Alituumque,
573 3603 695 3690 vagos
712 3577 845 3687 pallini
857 3571 1035 3662 iurantur
1052 3605 1217 3718 umores,
1405 3617 1464 3681 3⁰·

290 3741 369 3830 Sed
385 3743 578 3844 connubia
594 3763 716 3848 certa,
741 3742 806 3828 sed
824 3743 938 3828 eleni
957 3743 1147 3850 hymenaei
1164 3781 1175 3828 ε

195 3939 197 3943 ·
290 3909 362 3996 111e
378 3907 482 3996 sunm
496 3929 623 4013 tenet,
646 3908 712 3994 illa
728 3911 849 4018 suum,
868 3909 1048 4022 dulcique
1065 3911 1247 3997 fruuntur

290 4076 484 4186 Amplexu
501 4075 631 4163 caudit
644 4075 762 4160 ambo
778 4101 856 4186 per·
863 4097 998 4160 mutua
1012 4076 1141 4161 neris:

288 4239 453 4352 Instant,
477 4253 518 4332 δι
536 4243 670 4335 validis
684 4243 810 4356 janui
826 4243 1074 4360 compagibus
1090 4242 1254 4344 herent

1375 4415 1469 4504 Nec
