3138 5142
478 353 777 446 Bomsucbm
813 351 918 446 bru.
947 365 980 442 Ι.
1256 387 1309 462 27

133 575 214 661 Aut
231 595 347 688 caput
363 577 526 664 intonsus
542 575 773 664 hederarum
793 579 994 666 innectere
1009 579 1137 662 ramis.

199 751 309 859 Ergo
324 773 411 860 age,
419 745 622 830 sarmentis
639 745 731 834 dum
748 745 787 829 se
807 746 918 868 super
934 773 1051 831 aurea
1070 745 1243 853 bombyx
1271 781 1309 844 30

132 914 312 1020 Exercet,
326 911 572 1026 nitidumque
589 913 673 1000 edit
688 913 738 999 de
760 917 922 1024 pectore
938 915 1060 1024 filum,

131 1076 290 1186 Nempe
308 1099 385 1164 tuae
400 1082 550 1166 interea
567 1083 719 1193 prorsus
737 1080 834 1164 nihil
854 1081 988 1194 indiga
1008 1108 1107 1164 curae
1123 1081 1194 1188 ell,

130 1245 238 1328 Dum
254 1247 391 1332 novies
409 1247 539 1331 roseus
559 1247 599 1332 se
619 1247 758 1333 laverit
780 1270 936 1360 aequore
950 1248 1086 1333 Titan.

129 1411 248 1495 Disce
266 1411 462 1498 laboranti
478 1415 613 1526 pecori
627 1443 711 1500 non
727 1415 838 1528 pigra
855 1413 1018 1524 mederi,

3 1570 12 1594 '
130 1578 386 1666 Tristibus&
405 1581 552 1666 morbis
567 1609 790 1668 occurrere:
820 1607 890 1667 vos
907 1609 1063 1694 quoque
1079 1581 1215 1690 nostri,
1267 1613 1302 1678 tt

129 1748 261 1832 Parvae
280 1748 433 1854 animae,
458 1771 640 1834 exercent
660 1777 731 1860 per
747 1768 813 1832 tot
828 1746 1045 1832 discrimina
1061 1748 1181 1856 casus,

130 1911 341 2026 Vestraque
355 1915 546 2027 pallentes
561 1915 747 2001 infestant
762 1943 929 2028 corpora
950 1917 1091 2000 morbi.

36 2115 44 2132 ·
129 2075 327 2190 Corrupta
341 2084 418 2168 five
433 2085 499 2169 illa
512 2084 594 2170 lues
612 2086 707 2169 coeli
722 2084 850 2170 influit
865 2111 971 2192 aura,

128 2245 206 2330 Seu
220 2247 319 2332 vitio
335 2249 491 2335 infecte
504 2247 657 2334 frondis
678 2277 775 2363 gens
789 2249 930 2336 labitur
943 2269 1062 2366 aegra,

126 2417 181 2496 Et
200 2435 329 2500 coctus
343 2413 472 2500 subito
488 2413 649 2526 serpunt
668 2415 853 2527 contagia
869 2416 911 2498 in
926 2427 1099 2508 omnes*
1265 2451 1303 2506 40

124 2580 285 2668 Invadit
300 2609 421 2691 mors,
442 2583 644 2666 intereunt
658 2579 751 2665 data
771 2587 937 2691 cdrpora
954 2583 1051 2688 leto,

125 2751 182 2830 Et
200 2747 378 2834 thalamis
400 2749 534 2862 paffim
554 2769 663 2834 tetro
686 2748 886 2833 manantia
907 2749 1003 2832 tabo

125 2911 228 2996 Fusa
239 2916 397 3029 jacent:
427 2917 532 3030 perit
550 2941 669 3002 omne
690 2943 821 3026 pecus,
848 2913 933 3026 spes
956 2915 1065 2999 irrita
1087 2915 1153 3000 fili.

125 3081 198 3164 Dii
219 3101 391 3194 teneros,
417 3087 503 3194 Dii,
524 3113 594 3172 vos
613 3084 739 3168 foetus
760 3104 892 3168 arcete
910 3083 1078 3196 periclis,

126 3249 231 3336 Cum
245 3253 421 3338 nondum
440 3253 588 3380 morbis
607 3251 816 3364 praesentes
837 3251 1018 3337 omnibus
1039 3249 1180 3338 herbas
1264 3283 1301 3344 45

126 3419 359 3504 Monstrarit
374 3441 527 3529 natura,
544 3419 802 3522 hominumve
822 3415 1008 3503 industria
1024 3417 1143 3504 solers
1202 3431 1212 3476 ·'

126 3585 319 3671 Nondum
337 3587 566 3672 morborum
580 3589 709 3672 causas
726 3585 976 3698 deprenderit
996 3613 1146 3670 omnes.

125 3753 255 3838 Multa
271 3775 417 3860 tamen,
443 3754 566 3868 longo
585 3783 672 3867 quae
687 3782 759 3840 nos
776 3755 994 3838 invenimus
1011 3751 1093 3861 usu,

120 3921 306 4034 Qaeque
321 3921 386 4006 alii
401 3921 582 4028 docuere,
608 3921 681 4006 tibi
700 3951 804 4007 nunc
816 3923 945 4006 dicere
965 3949 1138 4036 pergam.

196 4088 268 4172 Nil
290 4087 392 4176 adeo
422 4087 537 4172 tineis
557 4089 675 4174 fuerit
691 4085 915 4199 praesentius
937 4089 1065 4203 aegris,
1265 4127 1303 4184 50

125 4255 259 4374 Qum
280 4256 410 4343 subito
426 4283 449 4342 e
466 4255 598 4344 medio
613 4255 791 4374 jucundo
806 4257 948 4346 lumine
966 4257 1084 4342 cassas

839 4427 881 4508 D
905 4457 929 4510 2
1208 4423 1307 4508 Tol·
