3172 5140
289 332 318 414 u
512 319 691 460 Mlptcr
724 317 1043 402 Hreuouumr
1081 303 1223 404 viii

286 535 396 618 Ante
413 533 557 644 ammo,
581 561 654 618 nec
664 532 760 653 jussa
774 527 902 640 canas,
922 529 992 616 nifi
1009 531 1114 617 forte
1129 533 1287 618 coaeum

280 707 523 815 vMagnorum
537 656 861 816 inperioregum,
874 697 989 811 liquis
1002 715 1135 783 tamen
1149 699 1307 811 usquam
1320 697 1377 784 est

283 868 477 954 Primores
489 867 594 954 iuter
609 870 761 954 nostros
776 869 842 982 qui
857 865 950 951 talia
965 883 1087 950 curet.

282 1034 435 1119 Omnia
450 1035 590 1148 sponte
606 1037 685 1144 suu,
702 1061 789 1150 quae
801 1060 874 1118 nos
887 1031 1073 1146 elegimus
1087 1031 1171 1144 ips,
1412 1071 1450 1131 55

285 1203 536 1312 Proveniant,
557 1203 656 1288 duro
676 1203 904 1318 assequimur
919 1201 984 1286 vix
996 1201 1092 1313 jussa
1105 1199 1249 1284 labore.

356 1369 434 1454 Sed
445 1396 571 1484 neque
582 1370 848 1482 cumprimum
861 1366 933 1452 tibi
945 1385 1118 1454 mentem
1128 1367 1286 1477 inopina
1294 1369 1451 1481 cupido,

287 1535 418 1646 Atque
432 1565 572 1650 repens
588 1535 695 1624 calor
710 1535 900 1650 attigerit,
911 1533 1040 1620 subito
1054 1532 1359 1646 aggrediendum
1370 1539 1425 1622 ell
1447 1523 1452 1532 ’

286 1705 476 1812 Magnum
494 1731 614 1814 opus:
633 1702 914 1809 udde'moram,
925 1719 1130 1813 tecumque
1141 1699 1346 1811 impensius
1357 1689 1453 1790 aute

287 1865 469 1976 Consule,
480 1870 662 1984 quicquid
673 1869 714 1955 id
725 1869 795 1976 est,
808 1869 977 1982 partesq
989 1865 1165 1978 expende
1178 1855 1452 1978 peromnesuo⁴

285 2037 426 2118 Mente
441 2033 506 2121 diu
518 2037 685 2144 versans,
701 2037 827 2122 donec
842 2063 945 2120 nova
958 2001 1048 2120 cura
1063 2021 1245 2122 senescat.

355 2205 463 2288 Ante
481 2204 599 2290 etiam
610 2203 754 2318 pelago
769 2229 886 2317 quam
900 2203 1047 2314 pandas
1065 2203 1150 2290 vela
1164 2205 1329 2312 patenti,

287 2369 566 2484 Incumbasque
585 2373 696 2484 operi
713 2371 914 2482 incipiens,
940 2369 1013 2456 tibi
1026 2367 1146 2484 digna
1160 2367 1328 2480 supellex

287 2535 507 2624 Verborum
521 2565 726 2652 rerumque
740 2537 912 2652 paranda
928 2537 1000 2644 est,
1024 2562 1176 2650 proque
1187 2533 1354 2622 videnda

287 2701 438 2790 Instant
455 2705 576 2792 multu
590 2706 706 2816 prius,
718 2733 885 2820 quorum
900 2723 1035 2793 vatum
1053 2703 1202 2816 indiget
1215 2689 1321 2788 usus:
1414 2723 1449 2798 σς

242 2931 259 2974 .
283 2867 367 2958 Illis
384 2889 536 2983 tempus
552 2873 629 2954 erit
647 2901 739 2956 mox
752 2897 840 2958 cum
854 2869 1037 2954 laetabere
1053 2869 1186 2980 partis.

287 3035 438 3144 Sponte
452 3037 531 3142 sua,
558 3036 650 3121 dum
664 3037 768 3122 forte
781 3036 904 3120 ‘etiam
918 3037 975 3120 nil
991 3037 1070 3120 tale
1081 3055 1273 3148 putemus,

286 3205 336 3286 Iu
352 3223 524 3289 mentem
541 3200 716 3317 quedam
729 3202 904 3311 veniunt,
930 3231 1016 3318 quae
1029 3203 1190 3291 lorsitan
1209 3207 1327 3312 ultro,

288 3368 329 3454 Si
345 3369 461 3457 semel
476 3370 705 3482 exciderint,
728 3401 924 3485 nunquam
942 3391 1125 3459 revocata
1141 3371 1336 3478 redibunt,

289 3539 421 3648 Atque
440 3539 577 3624 eadem
592 3539 718 3624 studio
732 3531 869 3626 frustru
887 3537 1109 3651 expectabis
1123 3529 1240 3624 innui.
1414 3575 1453 3634 ,ο

287 3705 378 3787 Nec
394 3705 486 3790 mihi
504 3735 587 3791 non
601 3707 795 3818 placeant,
813 3707 894 3818 qui,
912 3704 1165 3790 fundamenta
1179 3691 1356 3791 laborum

289 3871 391 3954 Cum
402 3873 562 3985 jaciunt,
582 3893 755 3958 veterum
772 3873 976 3986 explorant
989 3899 1109 3986 opera
1122 3873 1265 3978 inclyta
1280 3892 1413 3956 vatum
1446 3853 1454 3865 ⁶

218 4058 223 4070 ’
287 4040 440 4122 Nodies
456 4058 573 4151 atque
585 4037 680 4145 dies,
697 4041 905 4153 pullimque
918 4037 1169 4125 accommoda
1185 4059 1333 4152 cogunt

290 4207 455 4312 Auxilio,
474 4205 690 4319 intentique
706 4208 826 4306 aciem
841 4234 912 4320 per
928 4209 1067 4304 cundia
1089 4206 1277 4294 volutant.

1342 4373 1452 4484 Qin
