3170 5150
281 393 335 461 ⁷0
505 369 693 450 Miror
729 365 1060 448 Hrtrourmr
1094 361 1252 450 Vruu‘

281 579 346 666 Te
358 577 527 690 jubeam,
549 579 611 664 mi
626 577 842 665 contendas
860 596 901 688 te
918 575 1083 662 reddere
1095 578 1247 692 semper
1400 619 1458 688 κῃ

280 743 507 852 Affimilem,
533 765 648 858 atque
664 742 818 832 habitus
835 743 1054 862 gressusque
1068 743 1255 859 effingere
1269 748 1415 856 euntis,

280 911 488 1022 Qantum
506 911 590 997 sata
605 911 748 1023 sinunt,
774 921 816 998 &
829 941 911 997 non
925 907 1079 996 aversus
1094 913 1263 1021 Apollo:

280 1077 401 1176 Haud
417 1101 549 1164 tamen
567 1080 719 1166 interea
734 1075 924 1192 reliquum
938 1077 1141 1189 explorare
1162 1079 1317 1166 labores

280 1243 643 1354 Abstiterisvatum
664 1269 825 1352 moneo,
845 1245 1094 1357 suspectaque
1110 1243 1217 1332 dieta

284 1411 505 1527 Sublegere,
532 1425 574 1502 δι
592 1413 735 1500 variam
754 1443 803 1498 ex
819 1413 964 1500 cuneis
982 1409 1174 1498 abducere
1192 1440 1345 1528 gazam.
1403 1446 1456 1510 ret

282 1581 373 1666 Nec
389 1579 563 1674 dubitem
580 1579 709 1669 versus
726 1579 859 1664 hirsuti
876 1579 976 1689 saepe
994 1599 1125 1690 poetae

284 1743 492 1856 Suspensus
506 1749 678 1854 lustrare,
700 1755 742 1832 δε
755 1745 942 1860 vestigare
962 1745 1145 1858 legendo,

282 1911 410 1998 Sicubi
426 1913 467 1997 se
482 1913 659 2025 quaedam
676 1907 784 2001 forte
800 1911 903 1996 inter
916 1911 1125 2018 commoda
1139 1913 1251 1998 versu

285 2077 406 2164 Distu
420 2107 513 2168 meo
529 2081 749 2187 ostendant,
775 2107 863 2196 quae
877 2107 970 2164 mox
985 2079 1208 2165 melioribus
1227 2079 1308 2189 ipse

284 2245 473 2358 Auspiciis
486 2225 667 2362 proprios
679 2247 815 2358 poffim
829 2245 926 2334 mihi
939 2265 1091 2333 vertere
1108 2245 1149 2332 in
1165 2245 1266 2354 usus,
1402 2277 1460 2326 ιω

265 2413 453 2522 ³Detersa
469 2418 624 2527 prorsus
638 2417 762 2529 prisca
776 2415 955 2531 rubigine
970 2413 1115 2498 scabra.

282 2579 462 2670 Flumina
473 2585 573 2698 saepe
592 2585 698 2672 vides
711 2583 913 2672 immundo
929 2578 1084 2666 turbida
1101 2580 1217 2676 limo;

283 2751 427 2835 Haurit
439 2777 578 2868 equam
598 2773 732 2839 tamen
746 2749 838 2836 inde
851 2745 1032 2861 frequens
1041 2743 1259 2854 concursus,
1282 2744 1431 2832 &altis

283 2919 509 3027 Important
524 2919 649 3028 puteis
669 2915 720 3000 ad
736 2917 897 3032 pondu
925 2913 1089 3028 desuper
1105 2913 1171 3006 illa

282 3079 459 3166 Occultis
477 3079 610 3168 diffusa
626 3081 820 3170 canalibus
835 3079 975 3184 influit,
1001 3107 1236 3196 omnemque
1402 3113 1455 3173 *ος

283 3243 451 3331 Illabeus
468 3246 617 3333 bibulas
633 3247 762 3336 labem
779 3249 887 3334 exuit
904 3249 1009 3331 inter
1024 3275 1173 3334 arenas.

284 3409 358 3498 Nil
372 3411 474 3498 adeo
492 3413 695 3521 incultum,
721 3413 830 3532 quod
848 3443 932 3501 non
948 3411 1212 3526 splendescere
1229 3409 1366 3524 poffit:

283 3581 477 3692 Praecipue
496 3580 633 3669 ficura
647 3584 742 3698 vigil
759 3614 840 3670 non
858 3581 968 3688 defit,
996 3593 1038 3668 &
1053 3579 1170 3693 usque

283 3751 425 3832 Mente
440 3775 607 3862 premas,
633 3751 874 3861 multumque
892 3751 1024 3835 animo
1047 3768 1177 3835 tecum
1195 3745 1275 3856 ipse
1292 3743 1458 3830 volutes.

283 3913 420 4038 Atque
433 3917 523 4002 ideo
540 3943 591 4002 ex
609 3917 741 4028 priscis
758 3921 909 4030 semper
922 3944 1003 4028 quo
1017 3939 1127 4001 mure
1146 3914 1346 4027 loquamur
1402 3943 1461 3992 no

282 4081 536 4189 Discendum
563 4110 731 4198 quorum
746 4083 986 4194 depascimur
1005 4107 1123 4166 aurea
1140 4079 1260 4188 dieta,

95 4246 98 4254 ’
179 4243 182 4248 ’
281 4249 594 4370 Praecipuumque
611 4247 712 4338 avidi
730 4275 859 4336 rerum
875 4249 1102 4364 popularius
1120 4247 1328 4336 honorem.

1313 4407 1456 4524 Aspice
