3138 5142
292 389 345 473 54
537 372 714 450 Mirm
740 367 1064 450 Hrunouurur
1090 369 1233 452 Vrun

286 587 378 669 Nec
393 586 520 671 cursus
535 604 642 669 metu
656 585 732 668 ulla
748 583 886 669 datur:
914 609 1148 695 quocunque
1163 584 1289 671 libido

288 750 623 862 Impuleriglicet
639 753 710 856 ire,
737 751 860 834 modo
874 775 925 834 ne
938 777 988 831 ex
1000 719 1158 861 agmine
1171 752 1373 866 quisquam
1417 733 1470 846 ui

287 919 495 1026 Hostilive,
521 915 637 1003 suove
652 915 780 1002 aditus
796 914 977 1001 occludat
993 917 1114 1000 eunti.

288 1087 399 1170 Nulli
417 1086 564 1170 etenim
584 1086 696 1194 super
713 1083 859 1169 edulio
875 1081 934 1166 sas
949 1083 1105 1194 agmina
1121 1083 1219 1172 saltu

288 1249 541 1336 runnu:
571 1251 692 1364 eque
706 1251 954 1337 tantumne
969 1249 1147 1334 concern
1160 1221 1345 1362 potestas}

288 1415 451 1505 Cautius
467 1445 573 1503 arma
590 1438 752 1504 movent
767 1419 895 1532 gentis
909 1435 1097 1529 regnator
1112 1385 1312 1533 uterques

288 1590 338 1670 Iu
354 1586 490 1698 quibus
508 1587 564 1670 est
582 1586 709 1670 omnis
725 1585 824 1694 spes,
851 1611 897 1670 ac
912 1582 1052 1668 fiducia
1067 1581 1173 1668 belli.
1247 1551 1253 1562 .
1415 1625 1466 1683 ¹5⁰
1540 1543 1541 1596 ι

288 1754 498 1863 Omnibus,
526 1709 710 1836 inculumi
724 1778 833 1865 rege,
859 1751 934 1836 stat
947 1719 1107 1834 cernere
1124 1721 1249 1838 ferro:

287 1918 462 2029 Sublato,
486 1947 617 2034 pugna
632 1917 838 2026 excedunt,
864 1929 905 2005 δι
923 1919 1045 2004 eastra
1064 1919 1311 2033 relinquunt:

288 2083 360 2168 Ille
378 2084 479 2170 adeo
499 2086 540 2170 in
554 2087 660 2171 bello
678 2103 814 2195 captus
831 2083 959 2170 secum
972 2088 1106 2170 omnia
1121 2055 1257 2173 uertit.¹

287 2257 396 2366 Ergo
416 2253 566 2337 haerens
582 2253 798 2358 cunctatur,
824 2279 915 2336 euru
930 2273 1180 2364 venerantur,
1203 2221 1399 2344 &ornnes

287 2421 458 2534 Agmine
474 2419 720 2506 circumstant
735 2413 872 2528 denso,
894 2417 1139 2535 mediumque
1155 2443 1334 2508 tuentur:
1412 2465 1461 2524 ις,

287 2590 426 2700 thue
443 2590 560 2672 annis
575 2588 678 2740 laepe
691 2589 872 2701 eripiant,
901 2587 966 2672 sua
983 2616 1150 2699 corpora
1164 2589 1269 2675 bello

289 2751 509 2867 Objiciuut,
536 2729 783 2869 mortelnque
800 2775 944 2867 optant
958 2784 1032 2869 pro
1050 2783 1144 2870 rege
1160 2755 1312 2869 pacisci.

285 2919 386 3002 Nou
405 2919 460 3004 illi
472 2919 636 3007 studium
655 2921 834 3030 feriendi,
862 2944 930 3009 aut
950 2953 1058 3010 arura
1076 2923 1224 3010 ciendi:
1357 2929 1361 2936 '

287 3086 337 3166 Se
352 3105 486 3196 tegere
500 3087 556 3168 est
571 3087 675 3195 satis,
701 3107 819 3201 atque
838 3089 1019 3175 instantia
1035 3091 1117 3175 fata
1134 3117 1283 3176 cavere

285 3250 404 3336 Haud
417 3273 551 3336 tamen
562 3252 750 3340 obtulerit
759 3255 798 3340 le
810 3257 1012 3372 quisquam
1025 3249 1183 3369 impune
1194 3259 1455 3374 propinquum

285 3416 463 3516 Obvius;
491 3445 540 3501 ex
558 3421 667 3505 ornni
685 3449 774 3507 nam
792 3423 981 3509 summum
998 3443 1108 3534 parte
1125 3425 1296 3513 uocendi
1459 3399 1466 3406 ’

284 3583 355 3696 Jus
373 3583 512 3668 habet:
540 3585 606 3670 ille
620 3587 776 3700 quidem
789 3588 894 3674 haud
907 3617 1132 3704 procurrere
1145 3593 1299 3708 longius
1313 3595 1424 3703 aunt,

285 3749 362 3836 Sed
380 3753 581 3864 postquam
599 3753 769 3863 auspiciis
787 3758 917 3868 primis
932 3760 1151 3872 progreffus
1170 3733 1220 3842 al)
1232 3761 1317 3845 aula
1459 3735 1463 3743 .

283 3919 454 4003 Mutavit
472 3917 580 4004 sedes
598 3921 786 4031 proprias,
812 3951 895 4007 nou
911 3895 1074 4034 amulius
1091 3901 1187 4008 uno.

282 4083 459 4170 Ulterius
477 4089 534 4171 fas
554 4087 611 4169 ire
631 4087 772 4200 gradu,'
794 4087 859 4170 seu
877 4054 1053 4175 vulneret
1069 4091 1234 4199 hostem,
1405 4119 1457 4188 ιι,

282 4255 357 4332 Seu
372 4250 449 4334 vim
470 4254 547 4336 tela
560 4249 690 4336 ferant
707 4255 865 4362 nullam,
892 4281 1010 4370 atque
1026 4259 1205 4343 innoxius
1219 4229 1338 4347 erret.

1379 4427 1460 4512 Hie
