3172 5140
366 370 768 458 ‚Potnrcos'om
809 375 916 458 Ltn.
945 372 1020 455 III.
1240 397 1293 482 55

125 581 418 702 Verbommque
440 589 549 674 smtul
566 591 665 676 vitat
679 587 879 700 dispendia
896 612 1047 702 parcus.
1255 635 1292 698 75

124 759 241 842 Hunc
258 753 367 842 sandi
386 779 551 869 morem,
573 757 710 844 livera
725 755 952 866 audivimus,
965 751 1036 870 ipsi

16 1039 17 1052 Ν
124 911 328 1010 Coelicoiae
342 947 526 1013 exercent
544 920 639 1010 coeli
654 925 695 1010 in
712 909 973 1036 penetralibus
988 925 1089 1033 altis,

123 1089 320 1176 Pieridum
338 1063 480 1178 chorus
494 1094 537 1177 in'
551 1111 674 1175 terras
688 1113 806 1203 quem
821 1075 964 1177 detulit
982 1094 1091 1203 olim,
1148 1068 1159 1086 ⁶
1281 1083 1284 1088 ’

124 1259 260 1368 Atque
276 1253 455 1343 homines
475 1259 642 1344 docuere
657 1259 790 1342 Deum
809 1259 992 1370 praeclara
1006 1279 1175 1374 reperta.
1217 1253 1219 1258 ’
1278 1257 1281 1266 ’

122 1423 206 1508 111ae
225 1426 374 1510 etenim
387 1425 497 1540 Jovis
510 1421 879 1510 aetherea'dicuntu‘r
894 1424 938 1509 in
959 1429 1047 1514 aula
1259 1411 1301 1515 rs
1343 1535 1353 1554 ο

122 1593 318 1677 Immixtae
335 1593 490 1706 Superis
504 1591 618 1676 festas
640 1592 791 1706 agitare
807 1591 985 1700 choreas,

123 1763 178 1844 Et
196 1758 348 1871 semper
360 1787 500 1846 canere
517 1761 691 1870 alternae,
703 1756 921 1874 Phoebique
933 1755 1116 1851 Fruuntur

123 1925 351 2038 Colloquio,
376 1947 584 2039 vatumque
605 1925 795 2037 inspirant
813 1929 977 2038 pectora
997 1929 1048 2015 ab
1066 1931 1161 2016 alto.

55 2097 58 2102 ’
123 2093 216 2178 Nec
229 2111 362 2176 tamen
376 2091 481 2178 haud
498 2091 587 2178 solis
599 2086 702 2204 mgir
715 2091 799 2180 haec
816 2111 881 2178 me
895 2111 993 2180 nota
1006 2098 1150 2208 poetis,

123 2264 272 2345 Verum
290 2260 410 2343 etiam
425 2277 582 2345 autores
597 2259 663 2343 alii
680 2263 943 2372 experiuntur,
970 2272 1011 2348 &
1027 2259 1186 2373 audent',
1261 2287 1295 2357 tr

122 2427 321 2536 Praecipue
336 2444 494 2510 orantes
510 2429 654 2533 causas,
679 2420 867 2540 fandique
881 2424 1068 2542 magistri,

16 2707 19 2728 .
124 2597 202 2676 Seu
216 2589 347 2677 sontes
367 2589 533 2676 tendant
550 2591 679 2702 legum
697 2589 944 2702 compescere
960 2593 1135 2706 habenis,
1159 2578 1164 2588 ’
1242 2570 1244 2576 ,

124 2763 202 2844 Seu
216 2760 353 2846 charos
370 2759 531 2870 cupiant¹
549 2758 642 2840 atris
657 2783 681 2840 e
698 2757 837 2841 mortis
855 2759 1000 2846 amicos

124 2928 314 3014 Faucibus
331 2929 495 3038 eripere,
521 2935 562 3012 δι
581 2921 748 3009 defletos
764 2913 929 3010 reddere
944 2925 1030 3013 luci.

125 3094 240 3207 Qin
257 3096 376 3178 etiam
398 3093 590 3208 agricolas¹
602 3111 650 3176 ea·
667 3090 776 3178 fandi
792 3107 891 3179 nota
903 3095 1083 3207 voluptas

125 3265 308 3366 Exercet,
334 3261 427 3345 dum
442 3261 531 3345 laeta
546 3259 669 3374 seges,
695 3257 790 3343 dum
813 3250 972 3346 trudere
990 3273 1165 3375 gemmas

125 3427 326 3536 Incipiunt
344 3428 457 3532 vites,
483 3424 727 3539 fitientiaque
743 3423 903 3512 aetheris'
913 3427 1078 3512 imbrem

124 3601 244 3680 Prata
258 3594 411 3699 bibunt,
436 3591 657 3705 ridentque,
683 3593 773 3678 satis
792 3591 1050 3708 surgentibus,
1078 3597 1175 3712 agri.

124 3767 243 3849 Hanc
261 3759 379 3876 vulgo
395 3760 560 3870 speciem
580 3759 748 3872 propriae
766 3760 928 3872 penuria
946 3766 1051 3850 vocis

124 3929 280 4035 Intulit,
306 3927 535 4041 indiciisque
551 3955 693 4044 urgens
707 3927 750 4012 in
764 3927 878 4012 rebus
891 3915 1054 4043 egestas
1259 3963 1297 4029 95

125 4097 304 4214 Qippe,
321 4096 388 4182 ubi
401 4093 442 4182 se
459 4125 553 4182 vera
566 4096 825 4184 ostendebant
841 4095 1003 4183 nomina
1014 4097 1216 4209 nusquam,
1235 4103 1240 4112 '

127 4257 204 4353 Fas
222 4281 308 4352 erat
328 4261 420 4352 hinc'
436 4283 554 4378 atque
569 4259 886 4398 hincxttansferre
900 4263 1088 4350 fimiIlima
1105 4263 1217 4356 veris.

826 4435 849 4516 1
1202 4433 1299 4516 Pau·
