3138 5142
435 321 758 404 Bounrourr
799 319 907 402 Lru.
935 325 988 402 11.
1250 355 1296 431 31

130 530 338 638 Absistent,
360 549 453 617 aetas
473 531 737 646 liimprovida
753 531 984 622 ludificetur.

130 701 267 786 Verbis
281 697 373 784 falle
392 699 497 784 illosz
525 701 650 784 tineas
665 701 771 816 linge
789 729 877 788 acre
893 728 1087 790 vencnum

7 953 9 988 ξ
127 866 320 976 Inspirare
339 867 483 974 anima,
505 866 569 952 rel
584 867 728 976 spicula
742 869 919 982 linquere
933 869 1079 978 caudis,

130 1035 262 1148 Atque
278 1060 439 1148 angues,
455 1031 709 1146 colubrosque
725 1063 836 1144 voca,
858 1036 1011 1122 dirosve
1032 1037 1248 1147 chelydros.
1392 1125 1399 1137 ,

12 1187 16 1198 ’
196 1198 435 1286 Observabis
447 1198 558 1306 item,
577 1227 643 1307 ne,
661 1200 727 1313 qui
740 1202 950 1316 gulaveru
970 1203 1064 1311 allii,
1247 1245 1299 1308 n,

129 1368 210 1452 Aut
227 1393 357 1478 caepae,
382 1383 452 1450 aut
468 1365 565 1448 acris
581 1367 690 1477 porri
706 1367 899 1454 illaetabile
912 1346 1030 1478 uinis,

127 1539 322 1640 Introeat,
344 1557 474 1618 neres
493 1553 628 1644 pereat
646 1535 720 1620 tibi
733 1531 907 1619 firnditus
926 1537 1065 1622 omnis.

126 1698 367 1805 Bombycem
381 1701 601 1786 exanimem
619 1701 698 1786 vidi
714 1701 815 1814 saepe
830 1701 911 1812 ipse
922 1703 1055 1815 jacere

126 1867 311 1952 Afflatam
325 1867 479 1954 famulos
498 1870 668 1982 graviter
683 1867 863 1980 spirantis
877 1867 1015 1955 odore.

125 2033 331 2120 Continuo
344 2033 401 2123 vis
416 2037 481 2120 illa
497 2036 609 2145 subit,
629 2032 816 2149 naresque
830 2035 989 2142 lacellit,
1246 2081 1303 2146 130

126 2202 346 2313 Intimaque
361 2202 543 2288 infestum
563 2203 673 2288 venit
691 2201 742 2288 ad
758 2203 973 2314 praecordia
988 2203 1103 2292 virus.

125 2369 227 2452 Non
243 2368 362 2480 igitur
378 2369 528 2452 cunstis
546 2365 674 2452 aditus
692 2370 925 2478 permiseris,
942 2371 1026 2462 illas

127 2534 355 2644 Spectatum
372 2532 592 2646 quicunque
611 2531 771 2640 adeunt,
797 2535 882 2646 quis
896 2535 1049 2646 spiritus
1070 2540 1173 2644 ollis,

126 2701 230 2814 Qis
248 2699 390 2809 vultus,
411 2699 593 2813 vocisque
608 2701 737 2809 sonus,
752 2699 838 2814 quis
855 2701 1036 2786 euntibus
1049 2705 1155 2791 ultro

128 2871 189 2953 Sit
203 2867 359 2984 grcss'us,
382 2869 452 2982 qui
468 2868 634 2976 oculive,
657 2885 797 2954 notes:
821 2864 1046 2954 discrimine·
1055 2873 1170 2960 nullo
1248 2912 1300 2974 us

127 3036 282 3121 Limine
298 3063 393 3122 anus
413 3064 573 3144 omncs*
593 3035 764 3122 monstra
781 3031 962 3144 infelicia,
979 3035 1101 3152 longe

127 3203 252 3290 Pelle:
280 3222 428 3291 nocent
443 3225 563 3290 cantu
581 3205 719 3310 tristes,
738 3201 907 3289 oculisve
923 3203 1115 3318 malignis.

126 3376 243 3459 Intro
259 3388 389 3458 autem
408 3389 563 3456 tanuun
579 3371 751 3481 juvenes,
770 3369 1014 3484 pulchreque
1029 3373 1166 3484 puellae

128 3537 344 3645 Duoendae,
371 3537 482 3650 queis
498 3533 626 3624 forma
643 3534 810 3648 aetasque
827 3538 962 3651 ignara
977 3541 1147 3628 nocendi
1162 3541 1231 3632 est.

127 3706 208 3792 Hic
224 3705 384 3818 impune
401 3703 545 3791 choros
561 3705 728 3820 agitent,
755 3703 982 3815 alternaque
1001 3705 1081 3794 raeti
1247 3747 1304 3804 us

127 3873 259 3960 Idaliae
274 3874 433 3978 Veneri,
455 3899 502 3958 ac
520 3877 690 3959 Saturno
704 3871 875 3958 carnuna
893 3871 1037 3956 dicant.
1086 3967 1089 3974 Ι

128 4035 461 4159 Qandoquidem
477 4039 639 4125 memini
655 4037 773 4125 Tusci
789 4038 869 4124 alta
887 4040 928 4126 in
946 4066 1042 4150 rupe
1057 4039 1213 4130 Viterbi

128 4209 219 4324 Ipse
236 4209 368 4296 senem
383 4206 517 4302 vidilk
532 4203 673 4316 ferum,
692 4205 758 4292 cui
774 4203 859 4293 dira
876 4205 1058 4320 rigebant

1202 4378 1306 4484 Ora,
