3172 5140
284 399 334 468 50
510 369 687 450 Mnucr
726 365 1048 445 Hrtnouuut
1086 366 1230 445 V1on

283 585 368 671 Ah!
386 581 541 694 quoties
559 580 693 692 aliquis
712 577 851 690 frustra
870 575 1055 660 consueta
1070 595 1245 664 retentat
1394 619 1456 676 420

281 765 461 854 Munera,
488 776 561 832 nec
577 747 702 832 cernit
720 745 868 830 coelum
888 744 928 827 se
945 742 1109 828 tendere
1125 766 1277 853 contra,

281 913 549 1026 Adversosque
565 920 689 1017 Deos,
716 933 834 1024 atque
850 911 1091 1022 implacabile
1105 927 1270 998 numen!

280 1084 453 1194 Qidam
472 1103 602 1168 autem
617 1083 814 1184 inventus,
840 1078 906 1190 qui
922 1077 1022 1189 saepe
1042 1078 1243 1165 reduceret
1260 1109 1370 1168 auras

280 1257 453 1362 Optatas
468 1270 643 1334 veterum
660 1246 857 1334 cantando
874 1247 1045 1330 carmina
1062 1268 1209 1355 vatum,

278 1417 545 1529 Paulatimque
562 1417 697 1501 animo
712 1413 898 1498 blandum
918 1415 1102 1499 invitaret
1115 1443 1302 1523 amorem,
1393 1453 1446 1510 ⁴²5

278 1587 423 1670 Donec
440 1583 614 1668 collectae
630 1583 742 1702 uires,
769 1581 966 1693 animique
981 1577 1133 1688 refesti,

277 1759 332 1836 Et
350 1749 466 1834 rediit
482 1751 593 1862 vigor
608 1747 686 1853 ille,
711 1745 818 1830 velut
835 1747 922 1858 post
941 1748 1073 1833 nubila
1090 1751 1287 1836 &imbres

278 1917 348 2002 Sol
363 1917 480 2001 micat
497 1916 701 2001 aethereus:
730 1911 834 1998 unde
850 1913 933 2000 haec
949 1935 1031 2000 tam
1046 1917 1150 2001 clara
1165 1887 1327 2027 repente

277 2085 535 2195 Tempestas?
556 2085 667 2168 Deus
681 2095 792 2167 ecce!
814 2083 924 2164 Deus
937 2081 1016 2194 jam
1037 2083 1156 2167 corda
1170 2081 1325 2200 fatigat,

279 2251 407 2336 Altius
423 2251 591 2336 insinuat
605 2251 727 2356 venis,
755 2247 984 2361 penitusque
999 2277 1071 2359 per
1088 2271 1193 2336 artua
1391 2295 1449 2354 ⁴30

276 2415 452 2525 Diditur,
480 2438 598 2530 atque
612 2415 716 2503 faces
739 2415 855 2502 saevas
869 2417 937 2500 sub
953 2420 1114 2528 pedore
1131 2422 1268 2506 versat.

278 2587 369 2674 Nec
387 2585 426 2669 se
441 2587 525 2702 jam
538 2585 644 2697 capit
661 2613 750 2672 acer
765 2613 884 2701 agens
905 2585 1025 2692 calor,
1051 2587 1243 2700 igneaque
1261 2590 1365 2674 intus

277 2754 346 2842 Vis
363 2754 481 2860 saevit,
510 2775 675 2866 totoque
691 2757 816 2866 agitat
834 2753 874 2836 se
889 2781 1056 2864 corpore
1073 2781 1230 2840 numen.

208 2891 210 2899 Ι
276 2921 348 3004 Ille
372 2941 502 3005 autem
520 2919 694 3004 exultans
708 2919 831 3026 jactat
849 2919 1026 3026 jamnon
1045 2919 1111 3002 sua
1126 2922 1257 3029 verba,

278 3085 508 3196 Oblitusque
519 3082 718 3166 hominem
730 3083 868 3166 mirum
881 3082 1126 3170 sonanhaud
1136 3087 1241 3193 potis
1253 3089 1381 3200 ignem
1391 3131 1445 3188 435

277 3259 484 3355 Excutere,
511 3249 672 3334 invitum
694 3249 856 3334 miratur
874 3251 912 3334 se
931 3249 1003 3354 ire,
1030 3251 1189 3362 rapique

278 3419 534 3530 Praecipitem,
552 3439 607 3522 te,
619 3417 784 3524 Phoebe,
792 3445 949 3526 vocans,
962 3439 1016 3524 te,
1025 3389 1191 3526 Phoebe,
1201 3443 1446 3530 prementem

277 3588 522 3693 vociferans,
539 3584 749 3698 plenusque
763 3591 871 3693 Deo,
888 3586 1116 3699 stimulisque
1133 3585 1309 3670 subactus

276 3752 392 3840 Haud
408 3753 591 3864 placidis;
618 3781 700 3836 non
717 3753 782 3836 ille
799 3751 956 3864 dapum,
980 3782 1062 3838 non
1080 3753 1145 3836 ille
1159 3753 1302 3864 quietis

278 3927 361 4007 Aut
376 3921 504 4006 somni
518 3943 685 4026 memor,
702 3919 802 4004 hanc
821 3921 927 4028 potis
941 3921 997 4005 est
1011 3920 1211 4031 deponere
1226 3947 1369 4008 curam.
1389 3961 1445 4016 ῳ

277 4094 388 4198 Saepe
405 4089 524 4172 etiam
544 4087 586 4170 in
606 4087 749 4172 somnis
762 4115 954 4172 memores
969 4087 1157 4172 Phoebeia
1170 4088 1324 4175 versant

277 4265 457 4364 Munera,
485 4253 690 4348 &inventi
706 4252 861 4366 quidam
878 4253 944 4365 qui
960 4253 1059 4368 saepe
1073 4254 1212 4368 sopore
