3138 5142
270 369 323 420 20
487 341 666 418 Marci
710 336 1036 415 Hrrnourur
1080 337 1222 420 Vror:

267 561 502 656 Humorem,
515 551 698 634 fruticum
712 547 750 632 se
768 543 971 634 frondibus
989 549 1248 658 involventes,

268 730 324 806 Et
338 717 502 832 liquidos
521 715 664 798 imbres
681 715 859 800 vitabant
876 717 1016 802 arbore
1038 717 1149 824 terti,
1393 751 1451 818 3⁷5

268 891 343 972 Per
356 887 591 996 nossemque
605 885 709 970 cavis
725 883 932 970 latitabant
946 884 1103 995 rupibus
1124 885 1231 972 hirti.

268 1057 349 1142 Hic
365 1055 443 1139 illic
459 1052 573 1159 nisti,
600 1051 701 1136 latos
718 1051 876 1162 impune
895 1077 967 1160 per
986 1079 1119 1165 agros,

269 1227 372 1309 Cum
387 1219 500 1306 nudis
518 1219 609 1304 nudi
624 1220 785 1332 juvenes
800 1245 930 1304 errare
945 1217 1094 1330 puellis.

270 1393 342 1477 Ast
360 1391 426 1474 ubi
444 1387 632 1476 crescenti
654 1388 839 1498 paulatim
855 1387 1034 1500 cognitus
1051 1388 1139 1474 orbi

269 1557 428 1670 Irrepsit
444 1556 586 1666 pudor,
611 1555 756 1642 exuviis
772 1527 932 1666 coepere
951 1555 1119 1640 leramm
1392 1581 1452 1658 3⁸0

271 1731 354 1813 Aut
372 1737 487 1835 ter'go
503 1723 627 1828 bovis,
655 1743 722 1804 aut
738 1721 858 1806 villbsr
877 1721 979 1830 pelle
1000 1721 1124 1806 leonis

271 1899 321 1975 Se
341 1911 486 2003 tegere,
508 1901 548 1976 δε
565 1892 680 1974 coriis
698 1887 893 2012 involvere
911 1887 1093 1974 mollibus
1110 1909 1229 1974 artus.

272 2058 349 2168 Ipsi
366 2058 487 2141 etiam
502 2057 594 2143 nudi
611 2054 808 2171 degebant
826 2056 972 2140 :ethere
986 2057 1032 2142 'iu
1052 2057 1134 2142 alto'

272 2227 490 2331 Coelicolae,
511 2225 681 2336 coelique
698 2247 813 2306 nurus
828 2186 1049 2309 discrimine
1067 2225 1198 2310 nullo.-

271 2395 398 2477 Prima
414 2397 546 2480 Deum
563 2393 683 2476 Pallas
698 2389 832 2475 docuit
847 2392 1097 2476 committere
1115 2420 1256 2505 campo
1366 2411 1368 2416 ’
1392 2413 1465 2490 ³⁸5.

243 2667 250 2686 Δ,
272 2560 422 2646 Enodis
446 2562 515 2648 lini
533 2563 720 2674 segetem,
746 2570 787 2644 δι
807 2557 974 2690 tondere
988 2559 1192 2649 bidentem

271 2729 522 2840 Lanigerum,
542 2755 587 2812 ae
602 2729 711 2814 tenui
728 2727 825 2812 telas
842 2723 1047 2812 intendere
1063 2729 1144 2814 silo.
1282 2740 1294 2750 '

269 2894 346 2977 Illa
364 2894 521 3004 quidem
538 2897 705 3008 primu'm
724 2894 833 2977 vario
851 2895 890 2976 se
907 2896 1063 2980 ornavit
1080 2897 1235 3004 amidlu,
1362 2991 1380 3006 ,

270 3062 479 3178 Egregium
496 3061 605 3168 pidlo
628 3061 770 3171 pallam
785 3061 1024 3148 circumdata
1038 3063 1181 3148 limbo:

273 3235 372 3310 Mox
389 3226 479 3309 alias
494 3227 612 3310 etiam
631 3227 730 3310 texit
747 3226 928 3312 ditillima
942 3230 1087 3315 Divus:
1347 3245 1353 3258 “
1393 3271 1460 3334 390

232 3373 234 3378 ⁵
273 3396 363 3476 Nec
382 3419 505 3498 mora,
524 3393 666 3478 deinde
683 3422 823 3478 novam
839 3395 1010 3482 ostendit
1030 3397 1258 3484 mortalibus
1272 3419 1417 3488 mem.
1473 3369 1479 3386 ι

177 3608 183 3626 ι
275 3559 449 3682 Tantum
461 3533 566 3644 nudu
578 3571 710 3651 Venus
727 3563 923 3666 moerebat
939 3567 1108 3652 muneris
1124 3593 1262 3678 expers

272 3729 447 3840 Egregii,
466 3728 521 3812 ob
537 3731 705 3818 formam
723 3729 878 3814 textrici
902 3731 1020 3816 invisa
1036 3735 1226 3821 Minervae
1235 3778 1249 3835 3

274 3895 420 4004 Atque,
438 3895 544 3978 irrisa
557 3896 638 4002 diu,
665 3895 777 4006 super
794 3895 959 3982 Idalium
974 3900 1202 3985 frondosum

275 4064 325 4142 Se
346 4061 534 4175 natosque
548 4059 686 4146 suosin
703 4063 812 4166 sylvis
831 4062 1012 4150 condidit
1027 4054 1144 4152 atris:
1343 4076 1347 4082 ’
1397 4107 1460 4168 395

183 4313 187 4322 ,
273 4227 349 4312 Cui
367 4229 453 4339 post
469 4229 623 4342 optanti
641 4235 739 4318 Fors
758 4243 797 4316 &
816 4233 924 4316 Deus
940 4233 1074 4317 attulit
1088 4233 1183 4319 olim

1331 4404 1463 4488 Auxi-
