3138 5142
270 359 319 436 30
484 333 665 414 Murci
702 331 1022 415 Hisnousmr
1059 329 1196 414 Vron

261 547 401 661 Usque
422 546 524 633 adeo
538 549 581 634 in
600 553 795 636 Venerem
810 549 948 662 longas
964 549 1140 634 exercuit
1156 548 1234 632 iras

175 783 179 791 .
261 713 460 801 Infensam
481 715 679 803 inventrix
696 713 847 826 semper
860 715 1083 802 frondentis
1101 715 1224 800 olivae.

261 885 363 968 Exin
382 911 470 969 cum
485 885 616 998 liquor
631 881 777 968 officiat
792 883 1046 990 bombycibus
1061 882 1203 989 omnis,
1389 915 1451 964 ιοο
1550 965 1551 982 Ν

261 1051 458 1163 Praecipue
473 1051 551 1134 sale
568 1052 635 1164 qui
652 1047 773 1135 fuerit
790 1051 945 1134 vitiatus
960 1075 1096 1134 amaro

261 1217 365 1304 Cum
383 1219 503 1304 semel
523 1219 715 1334 attigerit,
739 1216 885 1302 miseris
902 1217 978 1300 erit
997 1244 1086 1304 acre
1104 1243 1313 1304 venenum.

262 1387 443 1474 Protinus
461 1386 589 1474 elucet
602 1385 877 1500 languentibus
900 1409 1016 1468 aurea
1032 1383 1157 1494 pellis,

261 1551 419 1638 Deinde
438 1575 607 1663 tument,
634 1551 829 1664 turpisque
848 1550 988 1635 animis
1008 1553 1162 1664 ignavia
1178 1551 1288 1635 venit

261 1717 484 1825 Desidibus,
502 1720 662 1806 tandem
684 1737 927 1830 rumpuntur,
955 1729 997 1804 dc
1011 1719 1145 1802 omnia
1164 1739 1271 1802 tetro
1375 1755 1441 1830 ‚¹05

262 1881 448 1970 inficiunt
465 1887 582 1972 tabo:
612 1887 735 1971 sanies
752 1885 837 1971 fluit
853 1885 1023 1998 undique
1043 1885 1240 1994 membris,

262 2049 353 2134 Nec
368 2055 576 2167 quicquam
595 2054 693 2138 salso
708 2057 904 2142 Venerem
919 2079 1075 2164 aequote
1093 2053 1243 2161 profuit
1258 2071 1404 2138 ortam.

261 2215 456 2324 Qaedam
469 2217 560 2304 ideo
577 2221 697 2328 sylvas
713 2219 868 2305 servant
888 2213 1100 2332 nodtesque
1119 2217 1289 2332 diesque.

263 2383 597 2499 Qandoquidem
615 2390 801 2495 inventae,
811 2387 907 2473 salso
922 2415 1010 2500 quae
1028 2387 1170 2498 pabula
1186 2407 1274 2474 rore

262 2551 414 2638 Invidia
430 2553 614 2665 infecere,
635 2556 770 2668 (scelus
789 2556 987 2666 prohibite
1005 2555 1218 2640 nefandum
1388 2594 1401 2638 1

260 2717 406 2832 Diique
422 2725 597 2838 Deaeque
614 2751 752 2809 omnes
766 2732 791 2835 l)
810 2751 954 2809 caecum
968 2735 1008 2810 δε
1025 2722 1174 2837 liquere
1191 2751 1386 2809 venenum

261 2887 310 2969 In
324 2885 448 2995 sylvis,
470 2891 579 3001 quod
600 2921 690 2976 mox
709 2887 811 2974 foliis
830 2891 933 2976 bibit
950 2889 1068 2975 inscia
1087 2889 1271 2997 bombyx.
1337 2845 1344 2858 .

331 3058 435 3142 Arce
452 3059 573 3142 etiam
589 3057 780 3168 strepitus,
799 3077 917 3142 cantu
933 3086 1026 3143 cava
1038 3084 1184 3144 cornua
1200 3086 1331 3165 rauco,

258 3221 480 3336 Fistulaque
497 3223 672 3309 horribili
689 3223 826 3334 procul
842 3223 939 3308 absit
958 3224 1109 3310 ahenea
1123 3226 1288 3332 bombo,

259 3387 559 3500 Tympanaque,
581 3404 624 3477 &
636 3405 752 3478 ¹uoces
769 3390 936 3476 ludentis
956 3395 1171 3504 comprime
1192 3393 1326 3504 pubis:
1389 3429 1443 3489 115

259 3555 451 3644 invalidas
468 3559 569 3670 saepe
587 3561 783 3644 exanimat
800 3559 885 3646 lere
900 3587 1073 3645 murmur
1087 3561 1272 3646 alumnas.

326 3723 406 3808 Sed
424 3752 551 3836 neque
566 3747 649 3811 tum
669 3729 778 3838 pueri
796 3727 992 3813 vastantes
1010 3729 1221 3842 irrequieta

258 3889 412 3976 Cundla
426 3919 546 3976 manu
559 3894 622 3978 hic
639 3895 730 4002 illic,
756 3895 999 4010 stragemque
1017 3897 1177 4006 impune
1194 3897 1387 4004 ferentes,

256 4057 424 4172 Jamque
442 4060 512 4144 has
528 4061 684 4174 jamque
702 4062 785 4147 illas
803 4062 936 4174 digitis
955 4061 1047 4146 dum
1065 4083 1230 4178 tangere
1250 4062 1446 4178 gaudent,

256 4225 581 4330 Introducantur;
610 4259 709 4344 quos
726 4229 846 4345 longe
865 4229 1028 4338 arcebis,
1054 4232 1217 4317 &ultro
1388 4269 1402 4312 1

1362 4401 1450 4488 Ab·
