3172 5140
417 347 804 426 Poenicorum
837 349 1029 432 Liull.
1090 359 1094 368 '
1257 377 1304 452 37

130 563 302 670 Viuori,
322 587 400 674 per
416 582 562 673 quanta
578 588 699 646 mnrae
717 561 918 674 dispendia
935 579 1093 646 menter.

131 729 344 840 Suspensas
361 727 508 835 trehet,
534 749 629 813 ante
642 730 716 814 viri
731 755 847 842 quum
861 728 1038 841 proferet
1054 755 1186 814 arctum

131 893 346 982 'Ilresauris
360 895 529 982 clausum
544 897 728 1010 antiquie,
753 895 984 1008 penitusque
996 897 1219 1006 repostum?

207 1063 327 1150 Haud
340 1087 475 1150 tamen
488 1063 655 1149 omnino
663 1065 854 1148 incertum
863 1083 1010 1148 metam
1020 1062 1180 1176 usq3sub
1190 1065 1309 1176 ipsam

134 1234 377 1318 Exastorum
394 1257 559 1342 operum
573 1230 764 1318 ledonem
779 1231 823 1315 in
836 1229 943 1315 nube
956 1229 1191 1344 relinquunt.
1254 1259 1308 1323 ¹²5

139 1397 219 1482 Sed
243 1425 373 1484 rerum
391 1421 552 1484 eventus
570 1397 768 1484 nonnullis
785 1393 886 1508 saepe
898 1396 1079 1484 canendo

138 1564 300 1650 Iudiciis
314 1593 437 1677 porro
448 1553 660 1652 nstendunt
677 1567 720 1652 in
738 1565 822 1650 luce
839 1564 1023 1678 maligna,

142 1733 405 1848 Sublustrique
420 1733 565 1847 aliquid
582 1731 679 1818 dant
693 1759 853 1818 cernere
871 1733 1000 1816 nouis
1021 1735 1065 1818 in
1081 1735 1229 1820 umbra.

141 1900 248 1985 Hinc
269 1923 382 2013 pater
397 1907 573 2006 AEneam
599 1901 787 2014 multique
802 1901 985 1985 instantia
1001 1923 1110 1987 vates

142 2019 242 2149 Puta
252 2029 408 2153 ‘donent
425 2069 545 2154 Latio
557 2069 673 2176 bella,
700 2067 860 2154 horrida
876 2067 977 2158 bella
989 2097 1161 2176 manere,
1259 2099 1312 2166 120

142 2234 410 2345 Atquealium
426 2255 581 2346 parturn
596 2236 781 2346 Trojanis
798 2233 912 2317 rebus
931 2236 1136 2320 Achillem.

143 2403 263 2508 Spem
279 2423 411 2486 tamen
429 2402 644 2488 incendunt
660 2405 807 2508 animo,
822 2401 1057 2514 firmantque
1075 2403 1286 2506 labantem,

6 2683 7 2690 Ν
145 2566 391 2677 spondentes
406 2571 581 2676 meliora,
608 2581 649 2655 δι
664 2597 726 2652 res
746 2569 786 2651 in
804 2567 884 2650 fine
900 2567 1063 2678 quietas.

144 2734 232 2843 lpse
247 2761 403 2848 quoque
419 2737 581 2850 agnovit
597 2763 668 2846 per
685 2735 739 2839 se,
767 2761 854 2818 cum
871 2735 913 2816 in
930 2733 1064 2818 limine
1080 2733 1172 2818 belli

145 2901 323 2986 Navibus
339 2903 506 3016 egreffus
522 2924 667 2989 tunnas
681 2901 819 2989 inrnfit
834 2903 1016 3018 agrestes,
1180 2885 1185 2898 ⁸
1261 2901 1309 3003 us
1367 2877 1370 2885 Ι

148 3071 278 3180 Atque
295 3075 427 3179 (omen
445 3077 599 3184 pugnae)
614 3073 822 3184 prostravit
836 3091 962 3155 marte
972 3072 1153 3178 Latinos,
1262 3121 1267 3128 -
1302 3133 1305 3149 ,

145 3235 303 3340 Occiso,
330 3256 423 3320 ante
439 3238 535 3322 alios
553 3239 622 3352 qui
638 3239 718 3322 sese
732 3239 945 3351 objecerat,
971 3237 1096 3323 hoste.

146 3405 249 3484 Fata
264 3403 532 3488 Menoetiades
548 3405 666 3488 etiam
682 3405 914 3515 predixerat
932 3404 1029 3488 olim

150 3567 299 3654 victori
315 3571 486 3656 moriens
502 3572 641 3684 majori
656 3569 797 3702 inlinre
815 3571 883 3656 sub
904 3571 1028 3679 hoste,

149 3735 341 3847 Qarnvis
355 3737 459 3822 haud
469 3739 586 3822 lirerit
597 3765 659 3821 res
673 3739 909 3823 creditnTu
918 3764 1087 3852 quoque,
1095 3739 1244 3846 Turne,
1262 3777 1315 3834 ιφ

16 3999 25 4020 ·
149 3887 465 3990 Praevidilseiuos
481 3926 653 4014 poteras,
679 3905 775 3990 hen!
796 3905 964 4019 perdite,
990 3907 1097 3992 casus
1198 3937 1201 3942 ·

12 4111 18 4122 ·
149 4073 290 4182 Longe
307 4093 399 4156 ante
417 4073 591 4178 exitium,
616 4101 703 4158 cum
720 4075 1065 4162 crebruobscoena
1080 4073 1245 4160 volucris

149 4243 224 4327 Per
236 4237 427 4354 clypeum,
454 4267 600 4358 perque
618 4267 690 4326 ora
703 4243 838 4338 volans
855 4243 1102 4330 stridentibus
1119 4243 1188 4328 alis

1168 4402 1315 4492 Omine
