3170 5150
433 347 703 452 Conuoou,
755 354 971 432 Ectocn
1005 355 1059 431 11.

162 567 340 678 AEqnoris
355 565 522 650 excitum
536 587 653 676 pecus
672 592 803 672 omne,
823 585 1075 680 armentaque
1088 573 1232 681 Protei,

161 739 215 816 Et
230 760 381 817 curvam
400 731 536 844 plrocae
552 733 739 818 informes
757 731 912 819 cinxere
931 739 1115 845 carinam,

161 899 263 984 Cum
279 921 406 986 nautae
428 898 572 984 infidiis
585 898 654 982 srbi
668 899 750 982 sata
766 899 948 987 instantia
963 897 1127 988 cernens
1154 883 1156 887 ⁵

160 1071 389 1152 Extremum
407 1087 565 1150 caneret
584 1065 702 1149 tristis
716 1067 852 1150 solatia
871 1068 956 1152 leti:

162 1235 299 1344 Qalis
317 1233 509 1319 Maeandri
525 1234 701 1344 queritur
720 1237 927 1320 moriturus
944 1237 994 1321 ad
1013 1239 1158 1326 undam

162 1401 294 1485 Canus
313 1401 414 1506 olor,
431 1399 555 1512 qualis
574 1399 676 1483 rauci
693 1427 764 1509 per
783 1400 917 1514 stagna
936 1405 1096 1510 Caystri.
1168 1479 1172 1492 .

163 1573 244 1656 Vos
261 1589 395 1652 tamen
410 1569 437 1649 ὂ
455 1566 615 1651 tandem
632 1587 828 1652 traxemnt
843 1571 1026 1678 carmina,
1042 1575 1239 1688 Nymphae

161 1733 369 1841 Nereides,
394 1755 521 1821 tutam
536 1761 625 1820 cum
640 1761 713 1844 per
729 1734 828 1819 vada
845 1733 937 1820 salsa
955 1737 1102 1824 secaret

162 1901 371 2012 Supposrto
383 1902 567 2015 delphine
580 1901 697 2007 viam,
717 1903 758 1984 in
776 1906 1021 2018 patriamque
1040 1910 1188 1995 rediret
1295 1941 1336 2010 '40

161 2069 289 2153 Dulce
308 2071 427 2154 etiam
444 2100 548 2156 nunc
560 2071 625 2154 fila
642 2096 804 2156 movens
823 2072 1025 2158 testudinis
1044 2103 1183 2164 aureae.

163 2235 274 2345 Qid
291 2259 461 2344 caneret,
488 2237 558 2321 nili
573 2238 767 2322 coeruleos
786 2266 857 2348 per
874 2242 1022 2325 coerula
1041 2244 1191 2336 Divos?

163 2403 370 2488 Oceanum
386 2405 428 2488 in
441 2405 589 2515 primis,
611 2405 717 2518 cujus
735 2404 963 2491 sandiiffima
983 2409 1126 2521 ubique
1193 2369 1196 2374 Ι

162 2571 258 2681 Jura
274 2588 447 2654 tremunt
463 2569 589 2677 undae,
609 2569 823 2682 tumidique
839 2572 906 2655 sub
919 2603 1075 2684 aequore
1093 2579 1242 2686 fludlus,

160 2739 295 2849 Aquo
311 2739 539 2848 principium
555 2736 753 2821 deducunt
771 2739 904 2821 omnia
926 2741 1060 2850 pallim
1293 2785 1328 2841 45

160 2903 339 2988 Flumina
355 2906 581 2991 subtectam
597 2905 753 2990 occulto
764 2906 935 2990 labentia
950 2911 1090 3018 tradiu,

130 3081 140 3094 '
160 3079 260 3158 Mox
275 3073 412 3158 eadem
427 3073 549 3188 longo
566 3074 728 3158 redeunt
747 3073 916 3158 exercita
932 3077 1051 3160 cursu.

162 3239 285 3326 Addit
300 3261 343 3325 ut
360 3254 402 3329 δι
417 3243 575 3348 coelum,
599 3243 770 3354 coelique
785 3243 953 3328 nitentia
969 3245 1076 3330 tedia

163 3408 417 3514 Contemnat,
437 3408 674 3521 liquidasque
689 3408 828 3492 domos
846 3433 1048 3520 praeponat
1065 3415 1241 3530 Olympo

162 3577 359 3660 Detentus
377 3574 528 3660 blandis
545 3575 782 3685 amplexibus
801 3575 1073 3685 Amphitrites.
1293 3621 1330 3678 50

161 3747 318 3826 Interea
335 3745 459 3829 vitrea
472 3743 690 3828 auricomus
708 3742 925 3854 depascitur
941 3744 1022 3855 igni

161 3911 267 3992 Arva
281 3909 360 4014 die,
383 3913 509 3996 vitreo
526 3913 594 3997 Sol
612 3913 731 3995 nodie
747 3913 929 4020 expedlat
947 3911 988 3998 in
1003 3934 1119 3999 antro

160 4071 335 4186 Hospitis
355 4079 507 4162 Oceani
525 4079 663 4162 mensis
681 4100 864 4190 exceptus
883 4079 1027 4164 amicis.

162 4248 319 4326 Interea
333 4245 451 4328 roseis
470 4247 598 4328 satura
614 4246 662 4331 ad
675 4245 859 4358 praesepia
873 4249 1016 4359 glaucae
1054 4357 1056 4360 Ι

894 4413 938 4494 Ν
1255 4414 1337 4502 Suf-
