3138 5142
448 314 766 443 Currrrrrurr
790 313 968 399 erur.
1118 365 1123 378 ·

117 534 319 632 Incisum?
345 559 502 622 avorum
519 527 600 620 haec
616 525 796 644 parturiit
812 527 952 629 scelus3

117 701 286 788 Delirla
304 721 457 812 patrum
476 699 536 786 his
554 723 628 785 nos
645 697 797 814 agitant
815 699 939 805 mulis,

207 870 360 954 Nostro
379 881 421 958 δι
437 887 633 954 merentes
649 868 838 970 crimine;
863 843 921 951 illi
935 861 1017 953 haec

294 1038 450 1122 Semina
463 1032 551 1148 post
568 1031 697 1119 obitus
714 1027 951 1148 relinquunt.

116 1203 187 1291 Tu
205 1195 340 1286 morte
357 1204 466 1318 pejus
484 1201 632 1288 milltiae
646 1193 769 1288 sciens

118 1329 280 1454 Bellum
298 1367 476 1455 horruisti
493 1369 657 1482 semper,
683 1373 724 1456 δι
739 1361 863 1457 aleam

206 1536 478 1647 Periculosam,
495 1565 591 1650 pace
606 1553 733 1623 certus
889 1645 892 1650 Ι

295 1705 448 1791 Cunera
466 1669 693 1817 patlpotlns
709 1723 906 1792 manente.

117 1873 187 1958 Te
203 1869 308 1954 bella
324 1873 480 1980 circum,
506 1891 548 1957 te
565 1891 699 1958 tamen
715 1869 886 1984 undique

120 2045 296 2146 Venere,
309 2039 552 2146 (inevitabile
571 2057 657 2124 erat
672 2040 836 2151 malum)

205 2211 427 2320 longeque
444 2205 620 2291 deduuae
635 2205 739 2292 haud
757 2205 956 2293 volentem
972 2205 1033 2292 his
1201 2303 1203 2308 ,

290 2372 469 2456 Motibus
486 2371 708 2480 implicuere
725 2371 858 2455 caust.

120 2539 266 2653 Pejora
282 2535 407 2622 multo
422 2565 527 2623 nunc
543 2562 698 2649 quoque
714 2535 879 2647 plurima

122 2661 260 2794 Nubis
275 2704 475 2790 minantur
489 2701 624 2812 fidera,
650 2703 693 2788 ni
706 2707 818 2789 Deus

208 2873 282 2957 llle
300 2874 380 2984 ipse
395 2873 567 2987 placatus
582 2869 761 2956 refleelat

295 3037 466 3126 Consilia
483 3041 525 3126 in
541 3040 676 3126 melius
691 3039 834 3126 severa.
909 3011 919 3034 ⁴

126 3206 315 3292 Orandus
331 3209 396 3292 ille
414 3209 492 3292 est:
510 3207 591 3318 ipse
607 3224 750 3317 potens
767 3207 872 3290 enim

126 3378 247 3462 Unus
263 3376 422 3482 morari,
449 3402 535 3488 quae
553 3391 779 3486 properant,
806 3375 920 3502 mala,

213 3543 412 3656 Solusque,
438 3571 554 3656 quam
574 3543 738 3654 praefixit
755 3541 864 3648 olim,

294 3711 382 3824 Ipse
397 3711 526 3822 potest
544 3709 701 3795 abolere
715 3711 856 3823 legem.

129 3879 287 3964 Nostris
302 3897 461 3994 rogatus
477 3875 804 3996 forfitan'annuet
973 3897 977 3906 ·

131 4047 265 4134 Votis:
294 4047 344 4130 ab
361 4047 441 4130 alto
459 4047 643 4158 plurimus
659 4045 805 4132 aethere

103 4301 106 4308 A
213 4182 804 4329 rnnostraruapsusbenrgno'

293 4383 456 4471 Pectora
473 4383 631 4468 numine
648 4380 687 4464 se
704 4377 897 4466 refundet.
