3138 5142
292 353 340 428 32
506 327 687 402 lllnucr
729 319 1065 402 Hrrnouumr
1103 320 1244 405 Vror

288 543 389 644 Ora,
412 537 620 652 gravesque
636 531 739 618 oculi
757 529 904 618 suffecti
922 533 1111 646 sanguine
1128 537 1289 645 circum,

287 703 488 818 Fronsque
507 702 694 788 obscoena
712 701 799 807 fitu,
821 699 990 812 hirtique
1008 702 1051 784 in
1070 701 1215 785 vertice
1233 707 1335 789 cani.
1417 749 1470 805 ης

288 873 360 956 Ille
377 861 474 957 tru'ci
491 871 625 982 (scelus
636 875 658 980 l)
678 829 827 954 obtutu
838 895 962 982 genus
977 895 1096 954 omne
1112 871 1282 954 necabat

288 1042 547 1149 Reptantum,
572 1056 708 1122 tenues
726 1037 888 1142 animas,
911 1034 1123 1148 parvasque
1139 1038 1330 1124 volantes.

288 1207 401 1318 Qin
417 1206 537 1292 etiam
555 1199 742 1316 fiquando
755 1203 894 1290 hortos
911 1202 1110 1316 iugrell'us,
1131 1205 1198 1288 ubi
1215 1229 1340 1292 annus

287 1375 406 1460 Exuit
422 1373 581 1484 expleto
600 1391 755 1484 turpem
773 1395 896 1455 novus
912 1372 1010 1456 orbe
1027 1366 1239 1477 senedam,

287 1542 524 1628 Floribus&
542 1539 676 1652 pallim
692 1563 764 1648 per
780 1565 896 1651 agros
911 1539 1087 1623 incanuit
1101 1537 1232 1646 arbor,
1411 1575 1464 1637 ιςο

288 1709 359 1792 Ille
379 1709 504 1792 hortis
521 1707 687 1818 stragem
706 1701 831 1812 dedit,
854 1705 1131 1820 arboribusque
1150 1707 1316 1814 ruinam,

289 1881 483 1986 Spemque
499 1875 591 1958 anni
607 1867 786 1986 agricole
800 1873 931 1957 moesti
947 1873 1089 1961 flevere
1105 1873 1302 1959 caducam.

287 2047 395 2130 Nam
413 2069 610 2153 quocunq;
624 2039 747 2124 aciem
760 2036 988 2124 horribilem
1002 2033 1240 2147 intendiffet,
1251 2041 1305 2125 ibi
1322 2065 1461 2128 omues

288 2209 461 2304 Cernere
479 2227 564 2292 erat
580 2206 710 2292 subito
726 2207 877 2290 afflatos
890 2207 1136 2320 languescere
1154 2205 1285 2313 floret,

287 2385 385 2462 Mox
407 2376 536 2462 album
554 2373 634 2459 late
651 2373 829 2458 nimbum
842 2375 1007 2460 volitare
1022 2399 1094 2486 per
1109 2399 1242 2460 aurate
1409 2411 1459 2472 ut

284 2547 377 2628 Nec
391 2563 546 2629 tantum
560 2537 703 2627 noceat
723 2560 860 2652 raptor
875 2537 980 2628 ferus
995 2541 1204 2656 orithyjae,

286 2712 485 2823 Siquando
502 2713 623 2796 iratus
640 2709 740 2794 male
757 2711 850 2796 tutis
867 2705 1028 2794 incubet
1047 2707 1185 2794 hortis.

285 2881 471 2964 Nostram
488 2877 649 2992 igiturfi
666 2877 772 2960 sorte
784 2874 946 2960 domum
959 2897 1208 2988 pratermeet
1226 2879 1324 2964 olim

189 3073 195 3092 ¹
284 3047 416 3152 Pestis,
436 3056 477 3131 δι
496 3045 553 3126 ira
567 3042 701 3126 Dellm
715 3042 817 3152 talis,
835 3005 922 3128 curn
939 3044 1105 3154 plurima
1124 3063 1285 3156 reptant

284 3210 508 3322 Complevit
522 3205 631 3294 sedes
653 3232 806 3318 omnen,
831 3231 950 3326 atque
965 3211 1065 3296 atria
1078 3213 1236 3320 cucurri,
1404 3231 1460 3299 160

282 3383 381 3464 Non
396 3378 504 3462 illum
520 3377 627 3461 affari
646 3375 781 3483 libeat,
805 3377 1040 3493 longumque
1057 3381 1213 3464 morari.

283 3543 357 3629 Sed
372 3565 580 3656 properate
594 3545 715 3652 foret,
729 3543 897 3652 famular,
917 3567 1128 3657 properate
1144 3549 1331 3634 fenestrae

280 3711 485 3818 Claudere,
500 3713 796 3825 pestiferamque
808 3711 972 3799 avertite
988 3715 1121 3798 limine
1136 3715 1300 3803 cladem.

344 3885 434 3992 Jam
453 3881 634 3990 promissa
648 3879 730 3965 dies
745 3881 858 3966 terris
874 3881 999 3965 lucem
1014 3884 1144 3968 intulit
1156 3884 1314 3992 almam,

277 4053 381 4161 Jam,
399 4043 504 4154 licet,
528 4047 746 4160 ingredere,
770 4047 958 4132 artificum
979 4051 1118 4133 mirare
1133 4049 1309 4150 laborem
1399 4081 1454 4152 165

277 4217 500 4332 Egregium,
523 4217 663 4300 mirare
680 4233 797 4319 artes,
816 4235 858 4300 ut
874 4213 1042 4326 pendula
1058 4219 1174 4304 ramis

1304 4391 1455 4482 Omni·
