3138 5142
443 335 753 424 Bounimon
797 331 896 418 Lan.
924 327 977 416 lI.
1246 359 1292 444 33

126 559 322 646 Omnibus
339 557 533 646 haeserunt
547 556 640 642 varii
657 551 937 669 glomeramina
954 551 1032 651 fili5

14 719 15 723 ‘
129 727 312 839 Qaliter
329 726 503 812 autumni
518 725 647 836 primo
662 746 750 806 cunr
764 720 911 834 frigore
933 717 975 801 in
990 717 1118 804 hortis

129 893 345 978 Arboribus
364 893 540 1005 pendent
557 887 661 976 haud
680 915 760 974 uno
778 913 898 998 poma
916 887 1062 971 colore.

131 1062 192 1143 Sic
208 1059 360 1146 haerent
377 1059 492 1146 nitidi
510 1055 618 1144 vario
634 1055 853 1140 discrimine
867 1053 984 1138 ramis
1247 1085 1301 1147 ne

130 1228 327 1313 Folliculi:
355 1230 444 1312 sunt
462 1253 548 1340 quae
566 1223 728 1310 viridem
742 1240 897 1304 traxere
915 1220 1089 1308 colorem

131 1390 298 1500 Efoliis,
320 1417 408 1510 quae
425 1389 581 1502 depasta
597 1392 654 1476 est
671 1386 849 1474 Saturnia
864 1387 1053 1494 bombyx,

132 1557 231 1663 Fila,
255 1561 339 1644 auri
354 1559 533 1672 quaedam
548 1557 758 1668 eleetrique
775 1552 962 1638 srmillima
978 1554 1085 1664 puri:

134 1725 329 1812 Omnibus
348 1727 404 1812 eli
420 1726 576 1838 reliquis
591 1724 700 1812 oolor
715 1719 792 1804 albi
807 1718 959 1808 velleris
977 1720 1109 1809 instar.

135 1891 258 2005 Ergo,
272 1895 338 1978 ubi
355 1920 428 2007 per
443 1919 573 1979 ramos
588 1893 672 2008 jam
685 1883 883 2002 perfeeiffe
895 1887 1071 1973 laborem
1250 1905 1306 1986 tri

138 2057 309 2170 Clausae,
330 2089 525 2175 quamque
542 2059 667 2165 suum,
691 2057 800 2172 vigili
817 2054 1078 2167 exploraveris
1093 2082 1199 2165 aure,

138 2227 270 2336 Atque
287 2226 354 2309 ubi
371 2249 445 2312 nec
457 2227 650 2338 strepitus,
668 2249 742 2309 nec
753 2225 832 2310 vim
844 2195 965 2306 'datur
976 2225 1140 2336 amplius
1153 2225 1271 2313 ullam

139 2390 292 2495 Audiri,
313 2389 379 2475 sed
394 2393 476 2504 jam
491 2410 622 2475 motus
636 2388 870 2500 requieverit
888 2391 1031 2496 omnis,

140 2557 244 2641 Pelle
258 2583 423 2664 moram,
448 2581 619 2640 exonera
634 2581 779 2664 ramos,
799 2556 961 2668 impone
977 2557 1163 2667 canistris,

141 2725 271 2836 Carpe
285 2742 449 2836 utraque
468 2749 596 2830 manu,
617 2735 658 2810 ot
673 2723 833 2810 famulas
847 2749 1062 2838 properare
1073 2724 1223 2839 jubeto.
1256 2747 1312 2806 ne

142 2891 289 2976 Primus
305 2890 449 2976 deinde
466 2890 576 2974 labos
594 2910 784 2996 extrema,
807 2901 848 2976 ει
865 2891 1003 2978 inutile
1016 2889 1196 3006 quicquid

144 3061 292 3144 Lanicii
309 3058 485 3165 detraxe,
508 3069 549 3143 δι
565 3059 780 3142 luxurantia
794 3059 941 3145 circum

146 3225 313 3330 Vellera,
336 3253 423 3338 quae
438 3227 582 3336 liuppae
595 3225 716 3312 veluti
731 3221 1033 3336 nodosapuellte

111 3477 116 3492 ,
145 3393 264 3479 Ruris
278 3389 397 3500 pensa
413 3389 574 3476 trahunt
593 3410 822 3502 torquentes
837 3393 979 3504 pollice
998 3387 1079 3500 fila,

146 3558 271 3643 Unde
284 3557 353 3642 libi
366 3558 547 3644 intexant
561 3551 664 3641 festis
677 3557 863 3670 gestanda
879 3561 1016 3648 diebus
1260 3579 1317 3662 ,ng

148 3721 360 3838 Tegmina,
380 3751 469 3810 cum
482 3725 590 3809 letas
605 3725 758 3838 agitant
772 3749 843 3836 per
855 3745 969 3836 prata
982 3725 1157 3812 choreas.

150 3892 256 3978 Hinc
274 3891 417 4002 triplex
432 3891 603 3978 deledus
616 3893 717 3978 erit:
745 3890 911 3976 meliora
923 3897 1105 3979 Deomm

151 4063 366 4170 Impouunt
379 4059 470 4170 aris,
495 4059 622 4172 aliqua
634 4059 676 4146 in
692 4059 799 4172 spem
815 4061 960 4174 gentis,
980 4071 1022 4145 ετ
1041 4060 1136 4146 anni
1254 4112 1256 4121 γ

152 4227 320 4320 Venturi
338 4225 389 4314 ad
413 4225 590 4316 sobolem
603 4224 756 4318 serrant
769 4225 946 4313 demere
966 4226 1185 4314 creandam.
1351 4215 1355 4223 ’

862 4399 899 4480 E
1247 4393 1332 4476 Cae·
