3172 5140
432 317 819 422 Ponrroonunr
853 343 960 426 Lu.
995 342 1050 420 ΙΙ.
1278 373 1328 444 55

7 643 9 658 ,
155 565 265 646 Nam
280 559 444 662 latent,
472 553 608 641 Tellus
623 553 731 668 qnod
747 555 885 665 prima,
913 565 955 641 &
969 553 1140 640 oonscius
1158 555 1296 644 AEther

7 789 9 824 ἰ
158 727 358 812 Connubii
375 721 650 836 dentfignum,
670 722 892 834 ululentqne
903 723 945 806 in
959 722 1105 808 vertice
1120 725 1330 838 Nymphae.

6 966 8 1026 ὲ
155 897 273 978 Neve
291 894 388 1000 aliis,
414 892 540 1002 impar
553 891 730 998 ninnium,
757 917 808 974 ne
823 889 983 976 Troilus
1001 891 1118 976 armis
1273 931 1327 990 m

156 1059 242 1144 Ah!
260 1087 359 1170 puer
372 1057 508 1142 infelix
522 1051 644 1142 sacito
659 1078 865 1142 concurrat
874 1055 1030 1164 Achilli,

156 1228 290 1336 Qun
307 1227 445 1339 quibus
463 1226 505 1310 in
520 1223 670 1331 Libyco
685 1222 888 1333 conspexit
903 1226 1039 1309 littore
1054 1225 1203 1336 pinum

157 1391 268 1476 Illum
285 1391 533 1478 Anchisiades
548 1391 680 1498 heros,
706 1389 801 1476 dum
814 1391 937 1476 vidus
953 1391 1101 1476 anhelis

155 1561 298 1644 Fertur
310 1562 435 1671 equis,
450 1585 637 1671 nutuque
655 1559 778 1642 haeret
793 1557 992 1670 resupinus
1010 1557 1136 1646 inani:

3 1711 4 1730 Ν
155 1726 247 1810 Nec
260 1729 372 1837 pueri
389 1753 502 1813 veros
521 1726 740 1841 congressus
756 1725 885 1812 dicere
902 1753 1023 1812 crues.
1270 1769 1328 1827 5⁴0

156 1891 271 2004 Qid
286 1893 437 2002 deceat,
453 1894 548 2009 quid
566 1921 663 2000 non,
691 1893 764 1978 tibi
779 1893 901 1978 nostri
915 1889 1121 1980 ostendere
1135 1895 1310 2006 poliunt:

153 2063 323 2146 Inventa
340 2089 389 2148 ex
404 2062 488 2148 aliis
503 2061 622 2167 disce,
647 2073 690 2147 δι
704 2081 746 2145 te
762 2062 928 2173 plurima
939 2061 1111 2150 Achiuos

154 2229 370 2316 Considere
388 2229 591 2315 hortamur
608 2248 774 2334 veteres,
800 2229 1022 2342 Argivaque
1042 2257 1164 2346 regna
1207 2353 1209 2356 Ι
1261 2213 1266 2226 ’

153 2397 371 2506 Explorate
386 2395 523 2502 oculis,
549 2407 590 2484 δε
607 2399 783 2509 opimam
794 2415 970 2484 avertere
991 2425 1131 2510 gazam

153 2567 204 2646 In
213 2564 385 2673 Latium,
393 2585 512 2679 atque
522 2564 683 2650 domum
691 2566 822 2650 laeturn
831 2563 953 2672 spolia
964 2565 1092 2676 ampla
1101 2563 1259 2652 referre·
1271 2595 1325 2662 545

154 2729 417 2856 Haud-minor
429 2735 486 2818 est
503 2733 604 2818 adeo
617 2733 751 2835 virtus,
778 2729 864 2814 st'te
879 2729 988 2815 audit
1001 2734 1162 2842 Apollo,

153 2903 322 2984 Inventa
339 2899 527 3014 Argiuum
545 2902 588 2986 in
605 2900 770 3010 patriam
786 2919 1018 2986 convertere
1036 2925 1188 3010 uocem,

153 3065 288 3179 Qanr
302 3066 332 3153 fi
347 3087 431 3153 tute
447 3068 592 3180 aliquid
606 3068 796 3156 incastum
814 3068 1006 3154 inveneris
1023 3088 1127 3154 ante.

153 3235 296 3344 Aspice
309 3259 352 3320 ut
370 3235 527 3350 inlignis
545 3236 756 3350 peregrino
772 3237 928 3322 incedat
942 3240 985 3322 in
999 3257 1097 3322 auro

152 3401 339 3488 Fatidicae
353 3409 526 3508 Mantus,
552 3403 731 3490 &Minci
746 3403 844 3488 filius
860 3404 1003 3487 amnis!
1266 3437 1326 3498 rto

152 3567 319 3684 Fulgeat
335 3589 383 3654 ut
402 3571 536 3684 magni
547 3569 703 3680 exuvias
720 3569 878 3656 indutus
896 3571 1085 3658 Homeri!

151 3739 243 3824 Nec
255 3736 391 3848 pudet.
426 3736 614 3852 Egregios
628 3757 733 3822 arten
748 3737 975 3846 ostenderit,
990 3739 1088 3844 esto,

153 3905 319 4010 Graecia,
345 3903 551 3992 tradiderit
568 3905 687 3992 Latio
701 3907 883 4018 preclara
899 3923 1068 4016 reperta,

151 4071 260 4156 Dum
275 4071 362 4183 post
379 4072 420 4160 in
435 4073 570 4164 melius
589 4072 742 4162 aliunde
758 4093 919 4187 accepta
935 4073 1068 4162 Latini

1169 4241 1318 4322 Omnia
