3138 5142
452 337 751 422 Romanurn
789 340 893 422 L1n.
922 344 976 420 11,
1238 373 1287 446 41

119 551 280 670 Filaque
296 553 508 654 devolvunt
524 555 647 669 nigris
664 557 857 640 fumantia
868 557 1014 642 ahenis.

118 719 225 806 Turn
242 741 423 806 currente
439 744 528 808 rota
546 743 748 834 torquent,
774 723 989 837 eademque
1006 747 1251 840 retorquent,

122 889 373 999 Stamineque
390 890 581 1001 implicito
598 917 690 976 cura
702 890 758 973 est
771 888 972 975 dissolvere
989 891 1129 978 nodos⁶

123 1054 230 1140 Hinc
244 1031 363 1139 vocat
378 1077 595 1141 extremum
608 1054 769 1140 tandem
786 1075 942 1152 textura
957 1058 1146 1170 laborem,

122 1220 418 1334 Intenduntque
434 1249 549 1308 nurus
564 1221 746 1308 discretas
762 1225 917 1333 pectine
930 1225 1028 1309 telas
1239 1255 1293 1324 m

121 1386 338 1494 Multifido,
363 1388 552 1501 radiisque
566 1386 790 1473 sonantibus
803 1389 1062 1500 intertexunt,

124 1557 327 1666 Jablantes
344 1554 481 1640 dextra
499 1557 671 1667 laevaque
698 1521 897 1668 sequentia
915 1557 999 1656 fila;

122 1719 372 1833 Alternisque
385 1723 472 1808 suus
490 1720 653 1833 pedibus
667 1723 780 1806 labor
797 1722 964 1832 additus,
984 1745 1104 1839 atque

122 1889 305 2001 Desuper
318 1891 407 1977 asta
419 1889 545 2003 gemit
561 1889 681 1976 tereti
697 1908 788 1974 rota
804 1893 957 2004 garrula
974 1921 1111 1980 nervo.

124 2059 215 2142 Nec
228 2085 353 2168 mora,
370 2075 566 2144 certantes
577 2021 807 2171 properant,
824 2053 1039 2174 falluntque
1056 2063 1230 2152 laborem
1243 2080 1299 2163 ,σο

124 2227 208 2312 Aut
222 2242 354 2330 cantu,
380 2245 449 2310 aut
465 2225 630 2316 Veneris
646 2251 747 2310 curae
763 2247 970 2312 narrantur
987 2231 1133 2314 inanes.

123 2394 217 2478 Nec
231 2388 370 2478 modus
386 2391 444 2476 eli
459 2389 618 2508 simplex
635 2388 808 2496 texendi,
831 2418 907 2478 nec
924 2421 1047 2510 genus
1059 2424 1176 2480 unum

127 2557 336 2644 Telamm:
365 2583 471 2642 nunc
486 2555 570 2640 rasa
582 2553 703 2660 vides,
720 2565 761 2640 bt
777 2557 888 2642 laevia
906 2577 1012 2646 teuta
1021 2602 1035 2659 ;

125 2727 248 2812 Nunc
261 2727 382 2837 pexis,
403 2723 619 2836 leviterque
633 2719 798 2807 attonlis
812 2723 946 2808 mollia
960 2727 1073 2816 villis.

125 2892 238 3006 Qin
252 2892 373 2978 etiam
390 2891 516 2978 varios
528 2890 637 2976 tenui
652 2887 896 3004 subtegmine
911 2893 1079 3005 pingunt
1246 2921 1299 2992 ,σς

125 3061 332 3148 Nexilibus
346 3059 464 3147 flores
478 3057 645 3167 hederis,
672 3053 867 3172 sylvasque
883 3061 1068 3168 virentes,
1265 3043 1269 3051 ¹

126 3233 341 3339 Pomaque,
363 3226 631 3340 graminaque,
650 3236 692 3309 &
712 3252 862 3331 cervos,
883 3225 1116 3338 capreasque
1131 3225 1300 3340 fugaces.

128 3393 260 3500 Adde,
286 3391 394 3477 velut
410 3391 569 3478 nebulas
589 3410 741 3498 tenues,
766 3392 958 3478 velamina
976 3413 1086 3478 textu

129 3565 251 3668 Rara,
267 3561 404 3674 quibus
419 3577 563 3644 matres
577 3557 703 3643 crines
720 3570 761 3644 δε
778 3578 958 3670 tempora
973 3563 1118 3668 velant,

129 3735 179 3816 In
199 3726 429 3840 templisque
444 3729 579 3810 Deum
594 3725 805 3836 prohibent
819 3731 842 3808 ὲ
854 3727 1011 3835 pulvere
1027 3729 1164 3816 vultus.
1249 3763 1305 3826 37»

130 3893 226 3984 Vidi
243 3894 365 3979 etiam
378 3894 523 3978 varium
541 3919 627 4004 quae
641 3911 796 3976 mutant
815 3911 922 3978 texta
936 3895 1125 4002 colorent,

129 4062 382 4174 illuduntque
404 4059 553 4166 oculos,
579 4076 623 4146 ut
641 4059 810 4146 discolor
829 4089 922 4148 aura
940 4059 1098 4150 resulfit.

211 4227 323 4344 Qid
337 4229 473 4342 sequar
488 4227 671 4314 ulterius?
698 4227 753 4312 nil
770 4229 827 4314 uis
843 4227 1012 4312 humana
1027 4225 1182 4339 reliquit

535 4389 540 4403 ’
814 4397 847 4474 F
1246 4401 1308 4479 ln⁴
