3138 5142
430 317 747 404 Cavuruum
771 319 951 404 ersn.
1030 355 1042 364 ··
1196 354 1273 426 ιο,

110 539 165 620 Et
183 534 355 647 quamvis
370 561 444 620 nos
459 532 647 644 imbelles,
675 535 837 650 orbique
856 537 982 622 relir‘li

112 700 351 806 Tristemur3
377 703 552 833 quamvis
566 701 657 790 finis
672 707 830 792 Verona
844 703 990 817 capillis
1049 657 1060 678 ⁹

113 869 265 976 Saeviat,
291 880 333 958 ὅτ
349 870 500 958 moestis
514 869 719 958 uluatibus
735 872 899 984 impleat
912 897 1023 958 auras
1030 917 1045 974 ς

113 1035 180 1122 Tu
197 1058 343 1145 tamen,
366 1068 394 1122 o
409 1038 538 1152 pelagi
557 1041 677 1125 tantis
692 1039 877 1128 defuncte
889 1041 1065 1150 periclis!

114 1203 201 1288 Tot
218 1207 341 1290 maria
360 1207 549 1312 emensus,
574 1225 639 1290 tot
655 1207 947 1318 tempestatibus
966 1209 1088 1315 aolus,
1225 1229 1281 1288 ss·

114 1375 272 1482 Optato
289 1374 429 1460 frueris
443 1395 577 1486 portu,
603 1383 644 1460 ὅτ
660 1393 745 1458 tuta
763 1401 852 1462 arce
870 1396 1051 1488 receptus

115 1537 292 1650 Despicis
310 1561 506 1628 errantum
525 1539 644 1650 casus,
670 1539 867 1628 miseratus
885 1541 937 1626 ab
955 1542 1052 1651 alto,

115 1709 170 1790 Et
186 1707 338 1793 nostros
355 1733 447 1820 ope,
472 1706 628 1796 sanolel
654 1709 757 1795 levas
774 1711 959 1822 propiore
976 1711 1142 1798 labores.

117 1871 447 1987 Qandoquidem
465 1881 657 1988 Superum
671 1875 811 1962 domus
831 1879 910 1986 illa,
939 1876 1126 1990 impervia
1144 1877 1252 1984 vivis,

117 2041 237 2125 Nunc
253 2041 326 2126 tibi
344 2063 480 2154 aperta
496 2064 621 2154 patet,
647 2063 760 2155 patet
776 2044 847 2130 alti
860 2047 978 2158 janua
991 2046 1105 2134 coeli:
1233 2065 1284 2136 165

119 2207 235 2291 Lucis
252 2209 447 2296 inacceffae
469 2173 608 2294 diffuso
622 2211 769 2296 lvmine
785 2187 911 2325 fulges
985 2241 989 2255 ·

118 2375 287 2482 Aureus,
310 2387 365 2483 or,
385 2403 466 2486 quo
481 2375 622 2460 cunrsta
637 2373 819 2483 beantur,
845 2376 926 2462 sole
941 2377 1111 2478 reluces;

119 2542 306 2656 Qasque
321 2567 456 2653 preces
470 2540 590 2656 longe
608 2537 797 2628 firndebas
812 2568 938 2651 nuper
954 2540 1005 2626 ad
1020 2570 1144 2651 auras,
1257 2509 1261 2514 Ι

119 2712 242 2794 Nunc
259 2709 380 2819 patris
397 2705 448 2792 ad
463 2706 598 2793 solium
613 2709 897 2819 omnipotentis
910 2709 1001 2794 faris
1019 2707 1070 2795 ad
1086 2736 1207 2798 aures.

121 2883 177 2962 Et
192 2877 366 2990 quamvis
384 2873 479 2961 coeli
494 2872 669 2960 nondum
681 2871 892 2989 dignentur
909 2873 1064 2962 honoro
1236 2914 1251 2958 ι
1324 2931 1326 2936 ,

123 3044 330 3150 Mortales,
346 3045 475 3128 noolis
490 3040 609 3127 densa
624 3041 789 3155 caligine
806 3041 934 3154 prelii,

123 3209 194 3294 Tu
208 3231 343 3296 tamen
354 3229 544 3294 aeternum
563 3207 685 3294 titulis
703 3205 933 3296 florentibus
949 3235 1088 3317 aevum,

127 3378 333 3464 Immixtos
351 3377 519 3486 Superis,
541 3375 625 3490 agis
639 3375 727 3460 altis
740 3375 896 3462 retheris
913 3377 1005 3462 oris.

127 3545 214 3632 Tot
229 3547 355 3630 Divos
371 3562 478 3627 terra
496 3541 651 3658 genitos
669 3569 897 3628 veneramur
913 3543 964 3628 ad
983 3569 1067 3628 aras

126 3711 309 3822 Projeoli,
336 3737 502 3826 quorum
519 3729 672 3794 tantum
686 3709 892 3796 benefasta
904 3711 1075 3796 minores
1241 3746 1292 3802 us

131 3877 351 3995 Credimus,
376 3888 418 3963 δι
436 3901 593 3962 tenuem
609 3878 672 3962 vix
687 3879 802 3964 famae
817 3876 1033 3988 accepimus
1050 3903 1200 3962 auram:

132 4051 278 4132 Verum
293 4043 414 4130 oculis
434 4064 500 4134 tua
517 4073 590 4128 nos
608 4043 666 4128 his
682 4043 868 4130 hausimus
885 4069 1002 4128 aurea
1018 4041 1135 4149 falla,

132 4211 382 4324 Irreprensa,
397 4213 504 4298 sacro
522 4213 663 4296 Divum
679 4209 894 4323 dignillima
911 4209 1074 4296 honore.
1094 4201 1096 4206 ’

1226 4377 1301 4461 Sci·
