3138 5142
192 339 202 359 ’
289 373 336 446 rt
504 363 684 444 Minci
720 361 1043 444 Hrunouunrr
1079 366 1217 450 Vrnu

286 584 509 664 summotas
528 577 621 662 alias
636 595 789 682 arcent,
803 577 896 662 dum
915 574 1089 665 firnditus
1105 609 1245 669 omnes

283 747 498 858 Corporeae
515 741 707 828 excedant
722 743 841 851 labes,
864 770 924 850 ac,
945 748 1135 857 temporis
1151 753 1250 838 orbe

282 915 479 1017 Perfecto,
500 912 736 1024 suaeuique,
754 907 837 996 dies
851 913 1040 997 exemerit
1056 942 1218 1002 omnem
1403 959 1464 1022 ³³⁰

286 1083 374 1170 Alvi
390 1081 586 1165 iniincerae
603 1077 783 1185 illuviem,
809 1106 1025 1192 purumque
1039 1083 1233 1196 relinqtnt

281 1249 497 1355 Lanicium,
518 1258 560 1334 dt
575 1245 630 1330 fili
646 1245 839 1332 tralucens
856 1245 1035 1357 simplicis
1047 1249 1200 1334 ‘cumn

279 1419 345 1503 Sic
360 1417 424 1503 ubi
442 1414 638 1500 nitescunt
654 1414 871 1525 pendentes
891 1413 1033 1502 vitibus
1052 1421 1150 1523 uriae,
1169 1497 1170 1502 a

279 1585 471 1669 Paulatim
488 1584 618 1693 liquot
636 1581 701 1663 ille
720 1583 824 1665 intus
837 1579 1007 1690 rarescit,
1021 1589 1069 1668 'dc
1081 1555 1222 1670 'aureus
1240 1616 1243 1627 ·

278 1751 445 1838 Accedit
460 1749 583 1854 color,
606 1743 761 1833 elucent
778 1747 973 1859 puriiiima
995 1751 1130 1836 musta.
1396 1795 1452 1857 335

275 1919 385 2003 rum
400 1915 560 2001 demum
580 1915 721 2000 annus
740 1915 873 2026 parum
891 1883 1085 2003 smera
1098 1919 1243 2005 renuis

276 2081 537 2193 complerunt
557 2109 710 2190 omnes,
736 2051 882 2194 perque
902 2085 1001 2168 atria
1018 2085 1153 2200 virgea
1166 2087 1267 2174 laetae

238 2309 243 2314 -
276 2259 531 2358 Exercentur,
552 2263 594 2338 δι
608 2249 811 2336 effundunt
826 2251 982 2364 quaeiita
999 2279 1070 2362 per
1084 2279 1205 2340 aevunr

277 2419 466 2527 Stamina,
487 2418 579 2504 ditis
595 2447 692 2531 opes
707 2419 820 2524 uteri,
843 2417 1095 2532 suspensaque
1109 2419 1250 2506 densos

101 2595 104 2604 '
277 2587 363 2672 Fila
379 2608 523 2702 regunt
541 2588 646 2674 inter
665 2613 806 2692 ramos,
830 2599 950 2698 atque
966 2587 1106 2672 ordine
1124 2588 1283 2674 ducunt.
1394 2627 1454 2688 340

274 2755 387 2842 Mille
408 2757 559 2871 legunt,
578 2756 832 2870 releguntque
849 2753 945 2858 viar,
972 2774 1093 2866 atque
1115 2754 1275 2840 orbibus
1292 2756 1412 2844 orbec

274 2923 574 3037 Agglomerant,
591 2949 696 3006 caeco
713 2918 841 3005 donec
857 2921 897 3004 se
914 2947 1067 3006 carcere
1083 2921 1263 3009 claudant

274 3095 427 3200 Sponte
447 3087 534 3174 sua:
564 3105 675 3173 tanta
693 3087 749 3172 est
764 3085 907 3174 edendi
923 3087 1048 3202 gloria
1066 3087 1136 3173 fili.

274 3263 374 3341 Mox
395 3275 525 3343 autem
542 3255 678 3342 clausae
694 3256 855 3342 interius
869 3256 1014 3342 circum
1028 3255 1200 3370 undique
1212 3256 1315 3342 lecta

273 3424 448 3508 Stamina
465 3421 719 3526 condensam,
739 3424 950 3537 teretisque
967 3426 1034 3510 ovi
1048 3425 1167 3510 instat
1178 3451 1278 3536 opus
1291 3425 1351 3510 fit.
1388 3467 1450 3532 345

272 3585 402 3675 Nuilae
421 3598 586 3700 operurn
606 3591 815 3675 immunes:
844 3593 901 3676 est
915 3619 1053 3678 omnes
1071 3619 1231 3678 cernere
1246 3591 1386 3704 paffiur

271 3759 426 3843 Noctes
441 3779 557 3869 atque
576 3757 659 3844 dies
679 3757 750 3841 niti
767 3759 972 3868 praestante
989 3758 1140 3867 labore,
1161 3773 1164 3781 '
1324 3801 1331 3814 ·

269 3931 324 4010 Et
339 3923 443 4038 quast
456 3922 506 4008 de
521 3923 648 4035 palma
661 3925 824 4009 summas
839 3925 1079 4010 contendere
1093 3927 1206 4012 vires.

267 4093 440 4206 Aspicias
454 4090 638 4205 quasdam
656 4092 843 4202 incipere,
868 4093 1112 4208 primumque
1127 4093 1303 4179 laborem

266 4261 450 4346 Tendere
467 4260 606 4369 adhuc,
630 4259 811 4374 quasdam
827 4257 991 4347 obscuro
1009 4262 1091 4374 Jam
1109 4289 1265 4349 carcere
1279 4263 1445 4358 clausas.

1361 4431 1442 4518 Ast
