3172 5140
271 363 325 432 26
482 348 671 426 Minor
715 345 1044 428 Hunnonrnr
1092 346 1232 429 Vroa

269 562 522 678 Ingeminant
536 558 684 672 quatit,
704 587 749 644 ac
765 577 921 646 montes
935 558 1158 643 diverberat
1175 557 1287 644 altos.

269 731 402 824 Securi
420 749 612 814 terromm
626 727 768 812 hilares
787 727 839 810 ad
854 723 977 812 sidera
993 743 1149 811 mentes

268 901 475 1004 Arrexere‚
500 897 712 1008 Deumque
732 897 886 1010 agitant
902 891 981 978 sme
997 894 1158 980 crimine
1177 896 1308 990 vitam.
1385 929 1443 988 μς

339 1070 462 1151 Dona
477 1067 610 1148 Deum
625 1062 767 1146 Musae:
795 1063 931 1176 vulgus
946 1063 1083 1173 procul
1092 1062 1171 1146 este
1183 1062 1439 1174 prophanum.

265 1239 349 1322 Has
364 1231 498 1346 magni
515 1232 750 1346 natasJovis
767 1231 865 1316 olim
882 1229 1181 1318 duxitabustris
1576 1219 1578 1224 ¹

263 1399 437 1486 Callidus
455 1401 497 1486 in
513 1419 636 1484 terras
650 1396 789 1512 insigni
802 1396 940 1486 fraude
951 1397 1219 1508 Prometheus,

263 1569 365 1654 Cum
379 1567 547 1681 liquidos
564 1565 685 1650 etiam
700 1565 929 1650 mortalibus
949 1567 1083 1652 attulit
1101 1567 1225 1681 ignes.

263 1733 426 1846 Q'ppe
441 1731 555 1818 rudes
566 1729 772 1816 honustum
786 1753 955 1838 mentes,
982 1744 1023 1817 δε
1037 1735 1200 1844 ped'rora
1216 1733 1313 1820 dura

261 1897 480 2014 Ipsesagax
493 1901 626 1984 animo
644 1895 860 2006 miseratus,
885 1864 952 1984 rbi
967 1899 1068 1982 astra
1086 1925 1158 2008 per
1175 1927 1292 1986 aurea
1381 1933 1437 1996 ,ιο

260 2073 326 2154 Ire
339 2067 488 2173 datum,
515 2091 561 2158 ac
578 2069 768 2175 Superum
783 2065 884 2152 laetis
894 2065 1122 2152 accumbere
1139 2067 1292 2176 mensis,

260 2235 428 2321 Miratus
446 2232 619 2318 sonitum
630 2232 969 2319 circumvolvendo
984 2234 1147 2344 Olympi

260 2407 485 2518 Ingentem,
512 2398 721 2515 magnique
736 2419 897 2514 argutos
914 2401 1069 2490 etheris
1087 2403 1219 2514 orbes,

258 2573 389 2684 Qos,
412 2541 478 2653 suu
494 2594 689 2681 quenque,
710 2568 818 2657 cient
829 2567 942 2654 vario
954 2568 1175 2656 discrimine
1195 2567 1337 2670 Musae;

257 2705 465 2824 Continuo
481 2737 613 2822 utilius
628 2755 735 2820 rums
750 2737 807 2822 est
820 2739 1051 2824 mortalibus
1071 2739 1162 2825 addi
1376 2767 1435 2836 rtr-

255 2906 346 2989 Post
359 2905 492 3016 ignem
506 2902 564 2984 nil
577 2903 698 3011 poffe,
725 2903 972 3014 asmunque
990 2905 1040 2988 ud
1059 2903 1195 2989 callida
1210 2904 1337 2991 movit
1472 2939 1474 2942 ·

255 3073 377 3154 Furta
394 3067 500 3180 vigil.
542 3065 615 3150 Dii
629 3093 723 3150 mox
738 3065 913 3150 coelestia
926 3066 1031 3152 dona
1048 3069 1225 3155 volentes

257 3233 503 3342 Concessere,
530 3231 613 3318 doli
629 3233 721 3318 licet
740 3231 1029 3320 audentissimus
1049 3235 1133 3348 ipse

252 3408 384 3489 Autor
398 3399 599 3486 Caucaseo
610 3401 727 3488 &vas
745 3401 816 3486 det
833 3403 979 3488 vertice
993 3429 1147 3514 poenus.

251 3573 351 3686 Qo
370 3589 522 3654 terrore
536 3566 606 3654 nisu
623 3569 751 3654 multo
765 3569 853 3679 post
866 3589 1048 3680 tempore
1061 3573 1208 3658 inertes
1367 3607 1428 3672 n·
1578 3669 1580 3672 ,

251 3741 352 3826 Non
369 3737 447 3822 ausi
465 3735 548 3822 dias
561 3736 743 3821 homines
761 3737 955 3822 accersere
973 3737 1125 3824 Musas:

250 3903 329 3991 Sed
344 3925 510 3991 ventura
523 3904 630 4015 prius
646 3867 873 4015 pandebant
889 3906 1059 3992 carmine
1073 3905 1150 3991 soli
1303 3949 1306 3958 ⁴

248 4073 471 4178 Coelicolae,
487 4069 693 4184 dubiisque
708 4071 856 4156 dabant
870 4073 1029 4158 oracula
1040 4073 1172 4159 rebus..

246 4239 336 4352 Ipse
354 4259 468 4352 pater
484 4238 633 4331 Divum
651 4237 837 4330 Dodone
854 4240 1028 4328 carmina
1041 4240 1193 4352 primur

1368 4411 1423 4495 Et
