3170 5150
316 384 343 452 6
535 373 720 454 Manet
760 369 1089 452 Hrunouvur
1133 371 1274 454 Vtoa

313 589 396 671 Aut
413 585 506 668 aestu
521 583 696 670 arescant
712 585 881 690 summa,
908 603 1042 670 tamen
1057 583 1192 670 abdita
1209 585 1388 700 quaedam

314 754 453 842 Vitalis
471 751 628 864 superat
643 753 700 838 vis
722 753 763 846 in
784 750 976 836 radicibus
993 751 1096 857 imis,

313 927 382 1027 Et,
409 941 550 1006 trunco
568 921 709 1026 exciso,
733 949 836 1006 nova
853 947 946 1004 vere
962 919 1169 1031 repullulat
1187 917 1326 1005 arbos:

314 1089 414 1174 Non
431 1087 538 1174 secus
556 1089 737 1173 extindlis
753 1087 1008 1193 bombycibus
1026 1115 1176 1174 annuus
1192 1109 1323 1178 ortus:
1455 1127 1488 1188 55

314 1251 451 1368 Usque
471 1284 577 1342 nova
594 1257 635 1342 in
652 1258 783 1372 regnis
799 1255 929 1366 proles
945 1255 1117 1343 succedit
1134 1259 1261 1346 avitis.

394 1425 464 1509 Ne
483 1450 579 1510 vero
599 1443 692 1510 ante
716 1423 836 1530 dicim
863 1424 932 1511 sed
949 1424 1177 1536 tempestiva
1195 1446 1329 1512 creata

315 1592 377 1678 Sit
390 1591 563 1678 soboles:
590 1611 683 1678 veto
698 1619 749 1677 ne
766 1618 926 1678 revoces
941 1594 982 1678 in
997 1593 1152 1678 luminis
1170 1618 1259 1680 oras

313 1759 545 1870 Progeniem
565 1761 794 1868 extinctam,
815 1757 977 1845 attonsis
993 1787 1082 1846 cum
1098 1761 1276 1876 gramina
1290 1763 1436 1874 campis

314 1924 509 2012 Nondum
526 1928 617 2036 ulla,
644 1950 712 2012 aut
729 1925 891 2012 frondes
910 1948 1102 2038 apparent
1116 1927 1257 2014 arbore
1275 1929 1401 2015 nullae.
1450 1949 1486 2010 σο

316 2094 425 2176 Ante
439 2121 543 2182 nova
558 2097 719 2208 incipiat
736 2120 869 2179 morus
888 2094 1117 2180 revirescere
1132 2096 1255 2202 sylva:

314 2259 432 2344 Neve
447 2261 571 2350 sames
595 2265 755 2372 teneris,
782 2289 881 2348 neve
896 2261 1194 2376 obsmtsrigora
1208 2263 1383 2350 alumnis.

315 2427 393 2536 Ipsi
407 2429 527 2513 etiarn
543 2457 700 2516 morum
717 2429 912 2545 agricole,
939 2455 992 2514 nc
1007 2441 1188 2540 tempora
1201 2429 1353 2536 fallant,

318 2594 540 2684 Observare
554 2598 704 2686 solent:
733 2626 825 2684 narn
846 2625 935 2682 cum
954 2599 1034 2682 sese
1049 2597 1114 2681 illa
1130 2599 1323 2684 virentem

318 2761 452 2850 Induit
470 2767 511 2851 in
525 2767 724 2874 frondem,
752 2765 891 2850 nostris
908 2786 990 2850 tum
1007 2765 1185 2876 protinus
1203 2767 1283 2850 oris
1452 2789 1484 2857 ty

317 2933 520 3018 Excellilse
539 2932 733 3038 hyemem,
761 2945 802 3020 δι
819 2959 953 3018 manes
969 2931 1100 3016 abiisse
1117 2931 1187 3015 sub
1210 2931 1311 3016 imos

317 3099 391 3184 Nil
408 3098 604 3206 dubitant,
631 3128 704 3186 nec
720 3101 819 3186 saeva
835 3101 937 3186 ultra
955 3099 1138 3210 pecorive
1157 3099 1293 3184 satisve

315 3270 542 3382 Frigorave,
569 3268 782 3384 glaciemve
804 3271 961 3372 timent,
989 3253 1175 3352 cana'mve
1192 3266 1383 3379 pruinam.

317 3407 510 3518 Praeterea
526 3436 599 3521 tibi
616 3437 741 3520 Lunai
758 3437 897 3550 gelidat
914 3438 1156 3522 incrementa

319 3605 416 3686 Sunt
431 3603 640 3706 servanda;
666 3603 897 3690 senescentis
916 3599 1008 3717 fuge
1025 3625 1205 3716 tempora
1221 3601 1343 3686 laeva:
1457 3635 1490 3694 ,ο

317 3771 409 3855 Nec
426 3791 510 3856 tum
528 3775 648 3858 etiam
670 3771 825 3884 liquidis
843 3799 932 3858 cum
955 3769 1033 3854 sese
1051 3797 1175 3882 nuper
1193 3769 1243 3854 ab
1257 3767 1373 3854 undis

317 3939 470 4024 Extulit
486 3943 654 4052 Oceani,
679 3939 943 4050 pallentesque
961 3938 1119 4024 humida
1134 3938 1263 4023 vultus

319 4107 519 4214 Ostendit,
545 4109 678 4220 gracili
699 4107 882 4193 incedens
896 4132 968 4215 per
983 4105 1114 4188 inania
1130 4131 1268 4209 cornu,

319 4273 434 4360 Utile
450 4276 526 4360 erit
544 4294 703 4360 teneros
718 4275 801 4361 ovis
819 4271 1024 4360 excludere
1044 4268 1182 4358 foetus.
