3170 5150
275 375 350 428 roa
484 349 672 424 Mereor
715 337 1043 426 Hraaourmr
1091 345 1231 428 Vron

270 563 425 646 Omnes
439 558 507 646 sed
520 553 659 642 frustra
672 557 798 644 Divos
814 557 856 642 in
874 575 969 642 vota
981 553 1160 642 vocabis:
1289 553 1291 562 ‘

180 701 184 708 ’
269 728 500 814 Muneribus
514 721 654 812 frustra
670 723 878 812 cumulabis
894 721 1104 836 grandibus
1123 749 1222 808 aras.

271 893 350 978 Ibis
362 895 487 980 multa
505 915 614 980 metu
630 890 826 1002 suspensa:
847 890 1085 976 emontibus
1100 890 1186 976 altis
1405 913 1445 990 ις

272 1065 493 1146 Occurrent
505 1061 695 1168 Dryades,
722 1069 763 1146 &
777 1057 956 1146 Oreades
971 1057 1186 1164 admirata,

271 1229 622 1341 Nympharumque
635 1227 708 1314 tibi
723 1225 856 1336 paffim
875 1227 1015 1310 chorus
1035 1225 1164 1310 omnis
1180 1225 1291 1310 eunti

270 1395 450 1484 Floribus
464 1425 488 1482 e
502 1398 617 1486 variis
640 1394 829 1506 viridique
848 1421 871 1476 e
888 1388 1030 1476 fronde
1047 1418 1212 1476 coronas
1376 1409 1382 1428 '

270 1567 470 1672 Intexent,
493 1567 581 1650 saevi
596 1564 733 1648 solatia
748 1589 849 1646 vana
860 1559 1022 1644 doloris.

272 1731 375 1814 Cum
394 1759 489 1817 vero
508 1733 723 1818 extind’rum
735 1725 928 1812 Davalum
947 1725 1163 1814 saevillimus
1179 1757 1289 1814 aures
1405 1769 1445 1830 ,ο

271 1897 448 1980 Nuncius
463 1898 654 2008 implebit,
678 1895 781 1980 votis
797 1891 896 1978 nihil
908 1895 1091 1980 omnibus
1110 1899 1253 2005 adram,

271 2063 484 2148 Pallentem
501 2064 599 2150 heu!
613 2064 753 2150 -subito
766 2061 919 2168 faciam,
943 2061 1174 2176 ingentique
1190 2068 1328 2152 dolore

271 2231 500 2316 Exanimem
515 2231 613 2318 labi:
642 2231 796 2314 stabunt
810 2227 954 2315 circum
967 2198 1076 2316 ilicet
1087 2261 1226 2318 omnes

272 2395 491 2508 Collapsam
506 2394 674 2504 famula,
692 2395 936 2511 gelidamque
953 2427 977 2482 a
991 2399 1149 2484 flumine
1165 2403 1363 2514 lympham

271 2563 493 2671 Rorabunt,
515 2565 643 2679 gelida
657 2566 720 2650 vix
739 2587 784 2651 tu
800 2567 1034 2652 revocabere
1050 2567 1219 2678 lympha.
1405 2605 1443 2664 n

270 2731 386 2840 Qus
399 2732 469 2816 ah!
489 2731 581 2819 dein
594 2735 776 2848 gemitus,
797 2763 884 2844 quae
904 2753 988 2816 tum
1003 2735 1175 2820 lamenta
1187 2733 1387 2842 referrem,

271 2895 313 2977 Si
327 2901 480 3006 possent
493 2901 662 3012 gemitus
678 2902 811 3010 junco,
837 2919 906 2984 aut
918 2901 1091 2984 lamenta
1108 2899 1269 2988 referri?

270 3063 459 3150 Crudeles
477 3067 616 3169 Divos,
643 3065 813 3150 crudelia
827 3065 909 3148 fata
927 3091 1101 3172 vocares,

270 3229 483 3314 Crudelem
502 3251 660 3339 terram,
687 3231 793 3342 quod
810 3261 893 3316 non
912 3231 1052 3340 sponte
1069 3234 1246 3346 hisceret,
1275 3247 1316 3324 δι
1332 3267 1416 3326 non

268 3397 332 3479 Te
350 3397 476 3483 subito
491 3421 667 3484 orantem
684 3399 863 3482 miserata
878 3401 1049 3486 hauriret
1067 3403 1189 3511 hiatu,
1407 3431 1443 3490 so

268 3565 386 3646 Haud
408 3568 520 3650 aliter
536 3587 688 3650 tantum
705 3565 809 3651 liniri
822 3571 927 3677 polle
950 3569 1142 3656 dolorem.
1215 3573 1220 3581 ’
1304 3521 1310 3536 ·

269 3731 422 3816 Etrusci
440 3755 609 3840 montes,
638 3735 751 3857 telles
766 3761 836 3818 vos
851 3737 983 3818 omnia
1001 3739 1121 3824 scitis:

268 3899 417 3982 Omnia
431 3927 501 3983 vos
518 3899 658 3984 maeste
678 3901 849 3986 lamenta
866 3891 1032 4011 audistis,
1053 3920 1094 3991 δι
1112 3905 1195 4016 ipli,

266 4066 375 4147 Dum
392 4068 561 4175 miseret,
589 4067 694 4154 celfis
718 4067 769 4151 de
786 4071 992 4194 vertieibus
1009 4073 1187 4156 ululastis.

102 4279 110 4293 ·
267 4233 373 4315 Nam
390 4235 482 4320 milri
500 4228 640 4322 dunila
660 4236 775 4322 senex
788 4265 909 4348 puero
924 4239 1153 4346 praedixerat
1171 4240 1279 4348 olim,
1406 4267 1439 4334 ur

1336 4412 1444 4492 Dum
