3172 5140
436 344 824 426 Pous1conum
859 347 964 430 [η.
995 347 1031 426 Ia
1268 367 1320 442 27

139 569 199 646 Et
215 560 371 664 Libycis
385 559 528 644 cecinit
543 558 663 668 lucis,
677 587 771 645 mox
787 559 966 644 Phocidis
982 581 1100 646 antro
1264 596 1320 660 535

140 727 326 814 Insonuit
344 725 510 811 Themis
526 727 641 832 alma,
665 725 756 814 uos
772 755 930 842 qnoque
944 727 1106 838 pulcher
1122 729 1267 842 Apollo

9 877 12 882 ¹
138 891 522 1005 Responfismonuit
536 893 731 1004 Delphos,
758 925 831 980 nec
849 888 976 982 delinit
990 897 1087 982 olim

138 1063 329 1176 Antiquis
341 1067 497 1147 Faunus
513 1065 753 1176 caneretqui
773 1060 856 1146 sara
874 1065 1039 1150 Latinis.

139 1227 253 1312 Tum
270 1231 469 1336 Solymum
485 1228 599 1341 prisci
613 1250 735 1338 vates,
762 1251 847 1314 mm
866 1229 971 1316 sacra
984 1231 1136 1338 Sibylls

139 1396 321 1482 Nomina
336 1396 484 1482 divinas
504 1398 597 1482 coeli
616 1399 656 1484 in
672 1397 889 1510 penetralia
903 1419 1059 1484 mentes
1263 1431 1321 1498 5⁴⁰

140 1565 372 1675 Arripuere,
396 1570 607 1678 Deumque
625 1566 764 1650 animis
781 1564 942 1650 hausere
958 1565 1145 1651 fruentes.
1369 1533 1374 1546 .

141 1733 234 1816 Nec
251 1759 376 1840 mora,
401 1761 489 1847 quae
507 1733 674 1844 primum
692 1735 832 1840 Fauni,
857 1736 1044 1848 vatesque
1063 1732 1259 1820 canebant

141 1859 343 2007 confina,
363 1903 548 1987 mortales
568 1901 700 2012 pallim
720 1901 892 1988 didicere
910 1929 982 2014 per
998 1901 1128 2006 urbes,

138 2066 231 2150 Post
243 2068 376 2177 epulas
393 2067 523 2152 laudes
548 2067 724 2175 heroum,
751 2082 792 2156 &
806 2072 912 2155 fasta
923 2089 1123 2156 canentes.

212 2234 323 2347 Qid
342 2207 562 2320 mirandum
579 2235 732 2322 homini
746 2238 854 2321 coelo
870 2237 1054 2322 divinitus
1068 2265 1178 2350 aeque
1263 2262 1315 2325 5⁴5
1474 2326 1484 2340 ,

139 2403 395 2488 Concessum!
424 2403 591 2488 mortale
610 2433 733 2518 genus
753 2425 819 2490 tua
833 2403 994 2510 numina
1008 2401 1142 2512 sentit,

139 2563 325 2683 Qisquis
346 2597 387 2654 es
406 2571 487 2677 ille,
502 2576 613 2656 Deus
630 2583 756 2654 certe!
785 2570 851 2682 qui
866 2572 1030 2680 peoora
1046 2591 1182 2655 vatum

136 2739 297 2844 Incolis,
324 2707 546 2850 afflatasque
566 2738 668 2847 rapis
686 2737 799 2862 super
818 2735 965 2862 aetlrera
981 2753 1148 2822 mentes.

137 2907 203 2990 Te
219 2903 297 2991 stne
314 2905 371 2989 nil
390 2905 504 2989 nobis
519 2905 666 3014 laetum,
692 2863 768 2991 nec
783 2905 948 2990 amabile
966 2903 1186 3017 quicquam.

137 3073 238 3184 Ipsae
256 3073 375 3157 etiam
393 3073 568 3158 volucres
584 3076 695 3160 vario
714 3095 784 3160 tua
801 3075 963 3203 numina
980 3093 1100 3160 cantu
1261 3102 1317 3164 ste

137 3241 371 3326 Testantur:
399 3239 642 3354 pecudesque
661 3243 769 3350 ferae,
796 3263 993 3354 mutaeque
1008 3261 1191 3327 natantes

140 3407 206 3496 Ad
223 3428 292 3493 tua
309 3409 407 3524 juffa
425 3409 514 3496 citae
530 3432 769 3522 properant:
798 3431 866 3494 tua
880 3436 1042 3495 munera
1061 3405 1153 3492 saxa

137 3577 251 3662 Dura
268 3597 446 3684 movent,
471 3577 670 3690 sylvasque
689 3575 852 3662 trahunt
871 3573 1075 3661 hincinde
1095 3574 1314 3688 sequentes.

136 3743 203 3828 Te
217 3771 376 3856 quoque
393 3743 594 3830 senserunt
610 3747 705 3830 olim
721 3744 840 3855 impia
849 3745 1032 3850 Tartara,
1052 3743 1253 3829 &umbre

137 3910 331 3996 Pallentes
356 3911 554 4023 stupuere:
584 3914 708 3998 minas
725 3913 798 3996 tibi
819 3910 969 4026 janitor
984 3911 1082 3996 Orci
1258 3944 1310 4006 stt

137 4077 314 4186 Oblitus,
339 4075 457 4164 saevas
475 4079 640 4191 posuere
659 4093 700 4168 &
726 4080 916 4185 Erinnyes
935 4081 1025 4165 iras.

137 4247 205 4334 Tu
220 4245 543 4364 Jovis‘ambrostis
558 4247 626 4336 das
648 4277 721 4336 nos
742 4247 971 4336 accumbere
988 4243 1150 4334 mcnfisa

854 4417 896 4499 D
922 4449 945 4499 2
1247 4413 1315 4498 Tu
