3170 5150
260 382 289 460 4
474 355 664 434 Minor
712 353 1042 436 Hranotvvut
1089 355 1233 442 Vtoa

263 573 406 677 Serius,
428 567 505 654 huc
520 567 653 679 patriis
674 573 809 652 Serum
827 567 1012 655 devectus
1031 571 1081 656 ab
1096 572 1190 656 oris.
1224 680 1227 690 4

263 740 406 850 Tuque
421 734 526 842 ades,
554 745 596 820 &
612 733 745 818 nostro
761 735 951 856 succurre,
976 745 1236 844 Isaaautn,
1263 739 1399 845 leboti,

261 903 464 1018 Nympha,
489 901 584 986 Padi
601 901 643 985 in
663 901 761 1013 ripa,
788 903 941 1017 magnis
956 933 980 990 e
996 905 1150 1018 regibus
1168 927 1275 1014 orta,

261 1077 366 1192 Qae
380 1091 540 1189 gentem
562 1067 722 1180 pulchra
740 1065 874 1154 auxisti
891 1069 1152 1180 pulcherrima
1170 1075 1281 1184 prole

199 1289 209 1310 ·
262 1247 577 1342 Gouznoam,
605 1237 750 1350 exiguis
770 1235 862 1321 ades
878 1237 956 1324 huc
970 1267 1054 1324 non
1071 1239 1206 1352 aspera
1216 1217 1373 1353 ereptis.
1399 1278 1436 1325 ιο

261 1418 317 1502 Et
334 1437 404 1497 vos
423 1436 450 1492 o
461 1404 626 1520 placidae
643 1425 867 1516 properate,
891 1407 960 1492 ubi
975 1435 1154 1520 quaeque,
1179 1409 1335 1518 puellae:

260 1580 443 1669 Vestrum
459 1601 572 1684 opus,
591 1569 665 1656 hos
682 1573 829 1658 vestros
847 1573 980 1704 smiles
996 1571 1059 1658 hic
1075 1575 1209 1661 discite
1225 1577 1363 1662 cultus.
1421 1581 1430 1594 '

344 1743 393 1828 Id
410 1743 525 1826 tineae
540 1742 582 1824 in
597 1739 723 1845 sylvis,
746 1742 881 1826 multis
899 1743 1142 1830 volventibus
1157 1746 1285 1853 annis,

263 1908 460 1994 Gentibus
478 1909 659 2022 ignotum
677 1909 774 1991 vixit
795 1935 934 2022 genus:
963 1937 1081 1993 aurea
1098 1877 1247 1995 frustra

262 2077 446 2162 lidebant
461 2103 599 2188 opera,
619 2072 841 2160 umbriferis
856 2072 1068 2184 pendentia
1084 2076 1220 2164 ramis:
1402 2117 1433 2175 ις
1484 2109 1487 2116 ’

264 2249 372 2332 Nam
391 2243 541 2356 pluviae,
558 2243 713 2354 lateque
732 2242 902 2328 immites
921 2241 1056 2326 omnia
1075 2243 1183 2328 venti

263 2411 490 2517 Vastabant,
519 2412 627 2494 tenui
644 2437 718 2495 nec
734 2408 878 2512 honos,
905 2435 979 2493 nec
997 2409 1123 2522 gloria
1139 2411 1207 2495 filo

263 2579 358 2662 Ulla
374 2597 478 2662 erat:
506 2578 549 2661 in
567 2577 676 2684 sylvis
693 2605 765 2660 ceu
779 2575 978 2688 quondam
996 2603 1106 2659 more
1120 2577 1292 2665 ferarum

263 2748 477 2860 Degebant
496 2748 690 2849 homines,
717 2743 881 2856 antiquo
895 2743 1038 2828 robore
1055 2743 1159 2828 nati:

262 2913 457 2999 Nondum
474 2914 602 3019 urbes,
630 2911 806 2999 nondum
825 2931 955 2996 certos
973 2939 1071 3026 gens
1084 2911 1182 2996 dura
1199 2934 1366 3024 penates
1403 2947 1440 2992 ιο

263 3057 459 3186 Noverat,
487 3099 554 3162 aut
570 3077 663 3162 ullas
681 3079 800 3162 vitam
819 3077 1020 3163 excoluiffe
1039 3107 1110 3190 per
1128 3101 1243 3164 artes.

261 3254 411 3338 Verum
426 3245 628 3360 postquam
645 3245 796 3329 homini
814 3245 936 3330 divini
954 3247 1009 3328 est
1029 3250 1199 3332 muneris
1215 3249 1301 3333 usus

264 3413 467 3520 Traditus,
491 3413 534 3496 in
550 3413 680 3518 tediis,
706 3435 824 3524 atque
843 3414 947 3496 intra
965 3413 1074 3526 septa
1091 3415 1300 3500 domorum

225 3661 227 3666 ,
259 3581 474 3690 ,sylvestres
493 3581 619 3666 tineas
636 3580 754 3686 alere,
781 3599 899 3694 atque
916 3581 1143 3691 impendere
1159 3611 1291 3667 curam

263 3749 425 3860 Coepit:
454 3774 551 3858 opes
569 3747 681 3832 multi
695 3747 786 3834 hine
802 3747 852 3834 ad
867 3749 1032 3832 summas
1049 3749 1258 3836 emersere:
1406 3787 1441 3846 ²5

263 3917 455 4028 Qamvis
471 3915 546 4000 effe
562 3914 706 4026 aliquas
721 3917 840 4000 etiam
856 3943 960 3999 nunc
980 3912 1104 4000 fertur
1119 3918 1160 4001 in
1178 3918 1257 4003 oris

265 4087 406 4196 Longe
422 4084 505 4168 aliis
525 4099 679 4195 gentes,
704 4109 793 4192 quae
809 4078 981 4166 nondum
1000 4082 1040 4166 in
1062 4085 1168 4169 teda
1186 4086 1329 4172 relatas

263 4255 339 4345 Per
357 4253 463 4346 lucos
479 4277 608 4338 errare
626 4247 763 4356 sinunt,
790 4247 974 4373 nulloque
991 4248 1125 4344 labore

1355 4423 1444 4514 Fila
