3138 5142
275 333 328 412 28
495 327 677 411 Marci
722 321 1050 404 Hrtnourrar
1094 325 1237 408 Vror

277 540 454 645 Tollere,
475 565 526 626 ne
543 555 672 622 totam
685 533 840 648 perfirsa
853 533 1042 624 cadavera
1060 537 1159 624 mbo

277 710 411 794 Latius
430 705 622 792 incestent
636 701 857 788 miserando
871 701 1010 790 funere
1026 724 1202 820 gentem.

278 879 372 962 Nec
390 877 516 961 minus
536 871 629 958 inde
655 873 728 956 tibi
742 871 857 956 tristis
879 851 1183 986 contagiacoeli
1253 961 1271 972 ,,

279 1046 341 1134 Sit
363 1041 530 1128 studium
549 1041 696 1128 vitare:
722 1041 844 1154 juvat,
868 1067 957 1126 cum
972 1037 1118 1124 lucidus
1137 1037 1276 1145 ather,
1427 1045 1467 1134 ςξΔ

279 1211 384 1295 Cum
408 1211 535 1296 nostis
559 1209 729 1324 gelidum
746 1208 814 1292 Sol
831 1231 962 1290 rorem
982 1203 1141 1312 sulbrlit,
1166 1219 1208 1294 dc
1222 1235 1312 1294 cum

279 1383 393 1462 Inter
406 1379 447 1462 se
460 1379 625 1488 Alpinus
638 1383 798 1482 Boreas,
820 1393 936 1486 atque
951 1371 1131 1460 humidus
1146 1375 1285 1460 Auster

279 1549 421 1631 Pacem
446 1547 614 1658 agitant,
638 1549 743 1630 vitro
757 1542 938 1626 detradlo
953 1539 1105 1651 aperire
1124 1537 1328 1648 fenestras,

282 1713 426 1822 Qove
442 1711 583 1798 almam
600 1711 726 1795 lucem
743 1709 945 1820 aspiciant,
969 1735 1095 1822 quove
1107 1707 1255 1796 athera
1271 1739 1431 1822 purum,

282 1881 552 1990 Aurarumque
569 1881 673 1964 leves
690 1877 852 1981 animas,
878 1888 920 1962 ὅτ
935 1876 1086 1990 frigora
1100 1895 1275 1988 captent.
1425 1905 1464 1958 co

283 2045 444 2156 Nempe
462 2046 747 2133 introveniens
766 2043 957 2156 Zephyris
974 2044 1211 2132 variantibus
1233 2073 1302 2132 aer

284 2213 391 2298 Aera
408 2211 576 2324 dispellit
594 2213 749 2327 pigrum
766 2241 906 2318 novus,
925 2223 967 2300 dc
981 2237 1101 2328 grave
1117 2213 1272 2300 olentes

285 2379 441 2464 Lustrat
456 2407 576 2494 agens
593 2377 673 2466 sese
698 2381 905 2484 thalamos,
931 2379 1132 2491 variatque
1155 2379 1324 2469 saluber:

286 2550 384 2658 Qi,
406 2547 474 2631 nisi
490 2567 662 2635 mutetur
677 2549 831 2658 crebro,
856 2547 1133 2658 corrumpitur,
1155 2547 1383 2662 haustusque

286 2715 443 2800 Inducit
459 2720 584 2802 varios
601 2737 827 2828 reptantum
845 2717 888 2800 in
903 2741 1070 2826 corpora
1086 2715 1259 2802 morbos.
1430 2745 1466 2816 ις

289 2885 376 2966 Ceu
390 2885 667 2996 puteispigros
684 2883 817 2968 latices
836 2884 906 2968 nist
922 2883 1057 2992 saepius
1077 2911 1175 2968 urna

288 3052 484 3156 Hauseris,
511 3071 556 3136 ut
574 3051 702 3134 subito
717 3048 809 3134 inde
828 3051 955 3141 locum
972 3079 1095 3138 novus
1110 3071 1278 3162 occupet
1293 3051 1457 3162 humor,

290 3217 496 3302 Continuo
513 3217 628 3328 sapor
639 3219 814 3304 immotae
828 3219 988 3305 vitiatur
1004 3222 1130 3330 aquai,

289 3385 452 3497 Oraque
468 3403 676 3498 potantum
696 3386 814 3470 tristis
829 3389 1035 3497 perturbat
1051 3415 1219 3474 amaror.

357 3550 465 3634 Turn
480 3579 575 3642 vero
589 3552 639 3638 ad
657 3553 791 3658 solem,
814 3553 1023 3668 blandique
1041 3553 1092 3640 ad
1107 3555 1262 3642 luminis
1275 3583 1391 3644 umas
1436 3595 1472 3652 ,ο

289 3717 474 3802 Exrrltare
493 3747 610 3832 pecus
624 3720 769 3826 videas,
794 3731 1019 3832 &corpora
1035 3722 1111 3808 luci

288 3883 479 3994 Pandere,
505 3915 587 3972 non
605 3913 737 3974 tamen
754 3887 919 3972 immissb
939 3887 1008 3972 sub
1023 3891 1103 3978 sole
1116 3893 1246 4004 jacere

291 4057 476 4140 Securum
494 4051 583 4160 fuit,
612 4055 798 4168 aspiciant
817 4054 883 4140 sed
900 4057 1046 4141 lumina
1062 4059 1196 4170 longe.

359 4221 400 4306 Si
418 4250 514 4311 vero
531 4225 651 4310 fuerit
671 4222 807 4338 gelidis
822 4225 1080 4338 Aquilonibus
1099 4252 1167 4320 aer
