3170 5150
273 337 328 424 76
482 328 671 406 Mnucr
713 324 1043 406 Hrtnonrnrr
1088 326 1230 414 thn

273 543 407 653 Atque
425 506 683 648 triumphatas
700 535 852 622 diverso
867 565 891 620 a
906 534 1043 622 littore
1059 557 1210 652 gentes.

344 703 421 790 Sed
436 733 577 819 neque,
597 704 804 790 verborum
816 701 942 811 causa,
961 701 1019 788 vis
1031 704 1109 788 ulla
1121 727 1344 814 canentem,

272 869 487 970 confilium
501 890 657 984 prater,
676 888 796 984 cogat
810 897 872 954 res
888 867 1033 956 addere
1050 871 1201 989 inanes,
1388 911 1445 974 m

272 1037 451 1141 Nomina
466 1039 533 1140 sed
549 1039 664 1126 rebus
680 1037 831 1150 semper
848 1038 989 1122 servire
1006 1039 1163 1152 jubeto,

273 1207 425 1293 Omnia
441 1205 689 1320 perpendens
707 1207 837 1292 versus
853 1206 1074 1292 resonantia
1087 1209 1276 1302 membra,

272 1372 405 1462 Verba
420 1377 569 1462 etenim
580 1375 758 1487 quadam
774 1373 952 1488 ignarum
969 1393 1011 1458 te
1025 1369 1160 1468 fallere
1174 1376 1343 1487 possunt,

273 1537 332 1626 Ni
346 1539 496 1654 vigiles,
517 1540 743 1626 mandatum
757 1551 798 1624 δε
813 1567 950 1624 munus
968 1541 1079 1626 obire
1097 1545 1288 1650 recusent,

273 1709 544 1818 Furenturque
558 1709 669 1816 operi
685 1707 783 1800 clam
800 1705 892 1809 sese,
920 1717 961 1792 δι
976 1708 1287 1814 inertiacelsent,
1391 1743 1442 1808 tat

275 1871 431 1968 Caetera
442 1871 536 1972 dum
551 1871 663 1956 labor
677 1891 832 1956 exercet
845 1871 1055 1960 concordia
1069 1875 1200 1986 jussus,

275 2037 530 2150 Qaeq3suus:
559 2058 712 2122 tantum
727 2039 790 2122 illa
800 2038 949 2122 dabunt
959 2068 1203 2152 numerumq
1220 2044 1445 2157 sonumque.

275 2204 408 2313 Atque
421 2203 514 2288 ideo
525 2207 619 2318 quid
632 2203 734 2304 serre
752 2227 912 2318 queant,
941 2207 1033 2318 quid
1051 2237 1214 2320 quaque
1230 2211 1408 2297 recusent

275 2367 492 2480 Explorate
505 2373 610 2485 prius
624 2373 736 2458 labor
748 2373 845 2478 esto,
871 2385 913 2459 &
932 2399 1093 2462 munera
1106 2375 1209 2489 justa

238 2575 240 2582 ·
274 2535 484 2646 Mandato,
504 2568 552 2626 ac
566 2541 768 2654 proprium
783 2541 928 2626 condis
947 2541 1092 2650 partire
1107 2543 1294 2628 laborem.
1392 2579 1447 2640 3⁴0

89 2737 95 2756 ·
276 2703 477 2800 Obscuros
493 2707 606 2794 aliter
617 2709 800 2818 crepitus,
823 2723 859 2799 ec
880 2734 1077 2802 murmura
1088 2706 1187 2800 van'a

277 2869 474 2980 Miscebia
488 2873 673 2986 ludesque
686 2876 788 2958 sonis
802 2875 999 2968 fallacibus
1013 2903 1132 2972 aures.

277 3041 369 3134 Nec
383 3061 516 3136 tamen
534 3037 731 3134 interdum
746 3067 894 3148 vacuas,
922 3042 1132 3154 animoque
1150 3055 1327 3129 carentes

279 3204 520 3310 ¹addubitem
538 3202 622 3317 ipse
636 3204 771 3292 volens
789 3207 971 3294 incassum
989 3207 1154 3306 firndere
1174 3239 1303 3314 voces,

279 3373 484 3488 verbaque
499 3401 587 3489 quae
604 3373 712 3460 nullo
723 3371 935 3492 fingantur
948 3404 1109 3464 munere
1128 3377 1274 3464 sensus:
1390 3413 1441 3474 art

280 3541 402 3644 Dives
415 3563 461 3643 ut
477 3542 638 3656 egregio
652 3563 805 3630 tanturn
820 3558 856 3636 δι
873 3545 1102 3655 conspectus
1115 3546 1260 3639 amictu

279 3703 420 3796 Versus
437 3727 518 3815 eat,
542 3706 721 3822 dulcique
737 3711 835 3804 sono
848 3711 1064 3800 demulceat
1081 3739 1204 3796 aures.

280 3877 415 3988 Atque
428 3873 710 3988 adeoquaesrnt
722 3905 774 3962 ne
789 3904 884 3961 vero
897 3904 1045 3989 quare:
1074 3878 1256 3989 profesio

282 4043 354 4124 Illa
378 4040 452 4126 tibi
468 4041 508 4126 se
527 4043 667 4151 sponte
680 4041 829 4128 dabunt
843 4071 914 4154 per
933 4045 972 4130 se
989 4043 1104 4129 obvia
1118 4043 1264 4156 paffin.

282 4214 392 4322 Saepe
410 4209 677 4320 auternnuptis
691 4209 824 4316 vinclis
836 4231 1018 4330 exempta
1032 4213 1184 4315 volutes
1396 4250 1452 4330 tro

1325 4389 1450 4470 Mem·
