3172 5140
425 356 795 436 Potrrcorum
838 357 941 439 er.
969 359 1002 438 l.
1247 391 1297 466 ²3

112 575 242 656 Nunc
262 569 350 678 hos,
379 599 484 658 nunc
498 567 584 654 illos
600 567 728 655 aditus
743 571 920 684 vestigat,
941 581 981 658 dc
996 573 1129 658 omnia

120 743 344 823 Attentans
371 737 532 849 scopulo
544 736 703 850 longum
718 736 885 824 ludatur
901 737 1051 852 iniquo,

117 909 234 990 Dum
248 906 288 988 se
302 935 380 1018 qua
391 903 571 990 ostendat
584 904 707 991 facilis
722 904 808 991 via:
838 904 1007 1020 denique
1023 908 1146 993 multa
1250 951 1303 1008 tu

116 1076 205 1156 Aut
221 1073 274 1178 vi,
296 1095 365 1158 aut
381 1073 477 1158 coeli
501 1084 541 1158 &
557 1073 727 1157 fortunae
743 1099 904 1157 munere
922 1074 1051 1158 victor

17 1323 18 1326 a
117 1241 298 1346 Exultat,
321 1239 552 1354 domitoque
568 1239 707 1325 animis
721 1239 755 1324 it
769 1239 819 1325 ad
833 1238 981 1324 aethera
993 1243 1181 1329 monstro.

119 1407 194 1492 Ast
209 1407 276 1490 ubi
291 1407 395 1492 nulla
408 1407 511 1492 viam
529 1407 692 1514 nectis,
713 1433 788 1492 nec
801 1405 940 1492 dextra
956 1409 1083 1520 aperit
1097 1407 1196 1519 fors,

120 1577 213 1659 Nec
225 1571 384 1684 prodest
393 1575 493 1660 vires
505 1569 617 1659 fessas
630 1601 833 1684 renovare,
859 1603 934 1662 nec
949 1597 1086 1687 aptum

120 1743 244 1828 Nunc
258 1742 335 1850 hic,
357 1770 461 1828 nunc
476 1741 553 1826 illic
566 1763 725 1854 captare
739 1743 791 1830 ad
805 1745 975 1832 carmina
997 1763 1165 1858 tempus,
1242 1789 1299 1847 ⁴5⁰

120 1909 273 1994 Invitus
286 1937 378 1994 cura
393 1908 551 2016 abfittit,
571 1909 761 2023 tristisque
779 1913 964 2024 relinquit
981 1913 986 1924 '

122 2076 275 2186 Coepta
293 2077 453 2184 infedla,
475 2077 620 2190 pedem
635 2075 830 2164 referens:
858 2105 930 2164 ceu
943 2079 1048 2164 forte
1064 2083 1190 2169 viator

123 2243 164 2327 Si
178 2245 263 2356 quis
278 2243 417 2331 tendat
429 2244 506 2328 iter
522 2249 682 2359 campis,
703 2247 765 2332 cui
781 2245 822 2328 se
837 2248 962 2332 amnis
975 2245 1177 2334 abundans

122 2415 243 2497 Ecce!
260 2413 333 2498 viae
349 2413 392 2496 in
405 2412 540 2497 medio
560 2413 734 2526 objiciat,
753 2412 971 2524 spumisque
991 2413 1170 2526 fragosos

18 2599 19 2606 ¹
121 2579 213 2664 Post
226 2579 392 2666 imbrem
407 2580 567 2665 volvens
585 2582 733 2664 montis
746 2578 798 2662 de
812 2577 958 2662 vertice
975 2578 1129 2685 dusius,
1245 2623 1300 2720 up

122 2747 342 2853 Horrescit,
368 2749 528 2860 ripaque
547 2767 723 2832 moratus
738 2742 967 2831 obambulat
983 2769 1145 2856 anceps:

121 2915 230 2998 Tum
247 2912 405 2998 demum
422 2937 602 3000 metuens
620 2935 730 2999 retro
744 2912 849 2998 redit
865 2941 982 3027 aeger,
1009 2911 1164 3030 iterque

123 3089 209 3168 Aut
222 3080 297 3166 alia
313 3101 439 3189 tenet,
464 3100 544 3188 aut,
564 3081 707 3168 cedant
724 3083 819 3168 dum
838 3083 1013 3188 flumina,
1039 3081 1182 3169 differt.

198 3249 276 3336 Sed
290 3277 418 3364 neque
431 3252 654 3362 inexpertus
672 3279 801 3336 rerum
815 3252 898 3364 jam
914 3270 1046 3334 texere
1061 3251 1199 3366 longas

121 3417 280 3502 Audeat
296 3417 455 3502 Iliadas:
484 3416 673 3529 paulatim
691 3418 887 3522 assuescat,
910 3429 952 3504 &
971 3435 1065 3502 ante
1242 3445 1300 3516 ,ω

119 3585 293 3696 Incipiat
309 3586 471 3700 graciles
487 3585 684 3698 pastorum
700 3583 837 3672 inflare
855 3585 1011 3668 cicutas.

122 3757 216 3869 Jam
232 3754 381 3866 poterit
395 3753 526 3840 culicis
539 3753 710 3838 numeris
723 3749 809 3839 fera
827 3749 958 3836 dicere
976 3744 1082 3852 fata;

124 3925 207 4009 Aut
222 3939 376 4035 quanta·
383 3921 553 4008 ediderit
570 3922 782 4008 certamine
798 3913 1004 4004 fidmineus
1019 3945 1105 4004 mus

123 4095 280 4176 Funera
296 4091 338 4175 in
357 4109 514 4205 argutas
532 4100 574 4175 δι
591 4109 766 4174 amantes
783 4085 943 4172 humida
957 4105 1133 4186 turmas;

122 4255 311 4352 Ordirive
328 4257 455 4368 dolos,
480 4269 521 4348 tc
538 4257 638 4344 retia
653 4257 779 4344 tenuis
796 4257 939 4344 aranei.
1240 4277 1294 4348 σᾶς

1189 4419 1298 4504 Con·
