3138 5142
227 383 230 390 ,
332 317 384 391 74
565 281 1246 367 Mumrffltuourmtvtnn

331 503 485 590 Auxilia
500 497 726 610 absumpfit:
756 496 888 582 medio
902 522 971 577 rex
986 521 1143 606 aequore
1159 495 1318 582 inermis

331 671 519 756 Constitit
541 663 678 752 antiffis
700 663 823 768 sociis,
849 660 956 746 velut
969 661 1116 808 aethere
1131 662 1174 745 in
1189 663 1273 748 ulto
1446 687 1488 760 σος

328 837 491 948 Expulit
506 833 687 918 ardentes
706 832 880 914 flammas
895 829 962 912 ubi
979 831 1084 916 lutea
1099 827 1199 941 bigis
1219 908 1224 926 ,

327 1004 516 1091 Luciferis
531 1006 697 1106 Aurora,
723 1022 811 1084 tuus
829 995 1104 1107 pulcherrimus
1121 997 1227 1110 ignit
1542 1095 1543 1144 Ν

327 1175 455 1256 Lucet
471 1169 611 1278 adhuc,
629 1175 775 1274 Venus,
795 1176 835 1250 &
852 1163 960 1250 coelo
978 1191 1071 1246 mox
1084 1164 1241 1250 ultimus
1260 1167 1354 1252 exit.
1542 1175 1543 1182 ‘

252 1342 257 1350 ’
325 1337 448 1424 Nulla
466 1337 564 1422 salus
579 1336 635 1420 illi
650 1337 818 1446 superat,
844 1333 929 1444 spes
944 1329 1049 1414 nulla
1065 1333 1215 1418 salutis:

323 1509 423 1598 Non
443 1529 576 1590 tamen
590 1503 742 1589 excedit
760 1501 896 1607 vidus,
922 1495 990 1582 sed
1005 1497 1186 1584 claudere
1201 1501 1281 1586 sese
1436 1525 1487 1586 tn

323 1675 494 1758 Hostiles
509 1673 613 1755 inter
627 1695 786 1774 cuneos,
813 1667 970 1776 impune
985 1691 1056 1775 per
1069 1665 1180 1752 'enses
1313 1621 1325 1644 ⁰
1542 1661 1543 1736 i

323 1839 462 1943 Actus,
482 1859 585 1940 avet,
610 1837 738 1922 donec
752 1836 939 1946 nusquam
958 1831 1170 1942 spatituila
1184 1834 1374 1948 superfint
1542 1845 1543 1874 ³

322 2005 504 2118 Effugiis:
531 2031 623 2087 nam
640 2001 801 2086 sinemo
819 2001 873 2086 illi
889 2001 973 2086 fata
989 2001 1172 2109 minetur,

320 2174 412 2257 Nec
431 2167 583 2282 superet
597 2168 720 2276 sedes,
746 2193 864 2281 quam
879 2167 1037 2280 impune
1049 2168 1240 2280 capessere
1258 2170 1388 2280 poffit,

321 2337 394 2424 Nil
408 2355 607 2424 tantorum
619 2361 783 2448 operum
794 2335 973 2449 impensis
984 2339 1091 2424 foret
1101 2337 1280 2424 omnibus
1290 2339 1481 2436 adummn

321 2505 402 2590 Sed
417 2505 527 2590 labor
540 2503 679 2590 effusus
693 2503 843 2613 frustra,
869 2507 1046 2620 viresque
1061 2505 1232 2616 fuiffent,
1542 2503 1543 2520 Ν

321 2675 412 2758 Nec
429 2673 564 2758 titulos
578 2671 794 2786 quisquam,
821 2693 888 2758 aut
902 2674 1059 2760 victoris
1074 2699 1223 2760 nomen
1236 2673 1411 2762 haberet.
1542 2749 1543 2756 t

319 2849 429 2954 fflgo
445 2867 669 2950 pervacuus
689 2837 796 2924 sedes
812 2840 1039 2955 desertaque
1055 2843 1191 2949 castre,

318 3011 440 3094 Nunc
454 3006 544 3117 huc,
565 3006 713 3091 rursum
729 3005 831 3113 iiiuc,
857 3008 1027 3096 incertos
1043 3010 1216 3122 implicat
1232 3009 1349 3094 orbes

317 3173 562 3286 Diffirgieus:
587 3171 700 3285 niger
716 3173 930 3287 insequitur
946 3203 1014 3262 rex
1030 3203 1187 3289 aequore
1203 3193 1309 3282 toto,
1431 3203 1484 3262 σω

318 3343 451 3452 Atque
465 3335 567 3453 firgae
581 3339 732 3449 semper
747 3341 1005 3456 spatiumque‚'
1023 3345 1248 3458 abitumque
1264 3344 1458 3460 relinquit.

316 3509 421 3613 Post,
437 3505 504 3590 ubi
518 3507 698 3617 supremo
713 3507 943 3597 tendentem
956 3513 1080 3598 limite
1094 3514 1259 3628 gressum

315 3671 441 3782 vidit,
467 3674 641 3788 reginam
661 3673 936 3766 sedetsetvate
952 3677 1137 3765 secundas

313 3838 443 3954 justit,
468 3839 520 3928 ab
534 3843 703 3956 angustis
719 3843 825 3930 nese
842 3844 907 3928 ille
920 3843 1109 3934 abducere
1126 3847 1253 3958 posset

253 4047 256 4052 ·
313 4007 544 4118 Ordinibus,
569 4028 800 4122 tantumque
814 4011 916 4127 firgae
930 4013 1072 4100 misero
1087 4015 1222 4099 ultima
1239 3975 1376 4099 restat·
1432 4040 1483 4110 εις

313 4174 455 4262 Linea:
485 4199 569 4264 tum
585 4175 664 4264 sese
681 4195 820 4264 contra
838 4179 952 4294 niger
965 4181 1120 4266 aemulus
1134 4179 1256 4267 infert

1390 4351 1484 4436 Dux
