3172 5140
292 373 340 448 18
511 367 700 444 Minor
736 367 1065 448 Hrunonumr
1102 369 1242 452 Vron

288 587 345 668 At
366 581 510 666 nnllam
525 577 679 690 prorsus
694 578 767 662 ribi
783 575 890 690 spem
904 576 1041 664 frustra
1056 581 1202 666 excitet
1216 583 1295 692 ille,

285 751 418 860 Qem
437 775 521 832 non
540 747 617 832 ulla
633 767 768 832 movet
782 745 983 857 praedulcis
998 747 1125 860 gloria
1139 747 1267 856 famae,

283 925 339 1004 Et
354 935 549 1028 praecepta
570 933 690 1028 negat
712 911 826 998 duras
841 913 1040 999 dimittere
1058 915 1099 998 in
1115 941 1227 1000 aures
1401 952 1458 1016 st·

203 1143 216 1160 .
283 1091 499 1168 Immemor
516 1081 654 1187 auditi,
678 1081 740 1165 cui
755 1081 879 1194 turpis
900 1081 1041 1166 inertia
1060 1102 1235 1166 mentem

282 1239 445 1364 Deficit,
472 1269 590 1363 atque
606 1247 769 1333 hebetes
787 1267 951 1358 torpent
971 1249 1011 1332 in
1026 1276 1193 1360 corpore
1207 1248 1346 1333 sensus.

282 1419 387 1508 Huic
405 1444 538 1504 curam
553 1443 701 1502 moneo
719 1414 981 1528 nequisquam
997 1415 1200 1526 impendat
1214 1417 1381 1500 inanem.

350 1588 442 1671 Nec
456 1585 586 1695 placet
604 1603 697 1666 ante
715 1609 841 1666 annos
857 1603 963 1666 vates
982 1609 1098 1692 puer:
1127 1585 1260 1668 omnia
1272 1583 1372 1697 justo
1514 1571 1523 1584 ’

280 1755 484 1862 Tempore
497 1747 752 1861 proveniant:
783 1746 855 1830 ahl
880 1776 931 1832 ne
945 1748 1040 1834 milri
1058 1751 1207 1835 olentia
1226 1778 1344 1860 poma
1397 1779 1453 1850 335
1486 1737 1488 1740 ⁵

279 1916 627 2027 interemptio,
652 1931 857 1998 aummnus
870 1913 1106 2000 bicoloribus
1127 1918 1207 2001 uvis

278 2087 413 2202 Quam
429 2083 580 2188 redeat,
605 2079 834 2195 spumetque
852 2081 957 2166 cadis
974 2083 1169 2170 vindemia
1187 2085 1322 2194 plenis.

119 2257 122 2264 ’
278 2257 389 2342 Ante
405 2251 511 2338 dem
529 2277 622 2334 nam
640 2249 745 2358 lapsa
761 2248 918 2355 cadent,
935 2248 1138 2364 ramosque
1152 2253 1374 2366 relinquent

277 2425 498 2526 Matemos,
523 2417 688 2504 calcabit
710 2416 817 2502 humi
832 2416 1009 2529 projesta
1023 2418 1161 2501 viator.
1248 2515 1254 2526 x

351 2591 442 2672 Nec
458 2585 571 2672 ludos
586 2613 708 2697 puero
725 2580 946 2670 abnuimus:
973 2584 1182 2672 subducere
1195 2609 1368 2675 mentem
1397 2627 1452 2686 34·

276 2755 482 2842 Interdum
500 2751 631 2836 studiis
646 2752 780 2837 liceat:
809 2747 973 2837 defess'us
989 2781 1149 2840 amoena
1182 2783 1185 2792 ⁴
1209 2793 1213 2802 «

277 2923 388 3009 Rura
406 2939 532 3031 petat,
553 2915 655 3025 saepe
671 2927 712 3002 &
731 2943 861 3001 mores
878 2916 1058 3002 observet
1077 2919 1287 3034 agrestum3

274 3097 331 3177 Et
345 3107 512 3186 senator
531 3102 624 3197 agat
640 3081 691 3167 de
707 3082 854 3168 vertice
865 3084 1091 3188 Tyburtino

276 3255 442 3344 Veloces
455 3277 627 3362 capreas,
645 3270 714 3335 ant
733 3249 872 3336 tendat
886 3252 986 3336 retia
1001 3255 1135 3340 cervis.

125 3435 128 3442 '
274 3423 376 3508 Non
388 3421 454 3506 ille
470 3423 621 3507 interea
636 3419 790 3530 penitus
804 3419 977 3530 patietur
991 3419 1148 3508 inanem
1393 3447 1454 3526 3⁴5

274 3595 339 3674 Ire
355 3587 474 3696 dieur,
495 3587 687 3672 comitum
704 3605 817 3672 coetu
834 3586 873 3670 se
893 3584 1093 3674 subtrahet
1111 3591 1217 3676 ultro

272 3753 492 3862 Interdum,
517 3766 560 3842 or
578 3752 660 3837 sola
676 3754 804 3840 secum
820 3753 1070 3864 meditabitur
1084 3759 1220 3842 umbra

210 3913 214 3920 ’
271 3919 477 4038 Agrestem
493 3919 637 4005 Faunis
658 3919 825 4028 laudem,
851 3920 1057 4033 Musasque
1073 3923 1143 4008 sub
1161 3923 1240 4008 alta

270 4089 465 4186 Consulet
476 4089 653 4175 Albunea
666 4089 808 4174 vitreas
820 4090 982 4178 Anienis
998 4089 1048 4176 ad
1065 4090 1200 4176 undas.

270 4261 430 4370 Nempe
446 4257 566 4344 etiam
583 4257 742 4346 alternis
757 4257 994 4372 requiescere
1008 4257 1173 4350 foetibus
1188 4287 1279 4354 arsa
1387 4297 1453 4361 352

1355 4433 1448 4516 Per·
