3172 5140
295 361 347 426 η
519 345 698 424 Mr'ncr
733 339 1053 422 H1tnonrnr
1092 339 1233 424 Vrun

291 555 414 642 Ceffit
432 580 543 640 amor
555 551 767 656 Musarum,
792 571 897 635 artes
915 551 1066 639 subiere
1079 570 1245 660 repente
1409 583 1476 646 190

290 722 482 836 Indignae,
509 743 626 834 atque
642 719 783 830 opibus
797 719 928 804 cundfi
946 717 1153 804 incubuere
1170 687 1363 827 parandis.

291 889 536 1004 Jampridem
548 909 682 974 tamen
695 884 1058 972 Ausoniosinvisere
1072 881 1199 970 rursus

292 1059 517 1166 Coeperunt
536 1065 789 1142 Munrcun
809 1072 1001 1138 revocate
1015 1075 1177 1141 munere
1192 1051 1335 1150 Musae;

292 1223 508 1309 Tuscorum
534 1234 805 1326 Meureuu,
832 1247 932 1332 quos
948 1217 1110 1316 tandem
1125 1219 1289 1330 protulit
1303 1238 1397 1322 retas

292 1397 462 1502 Europae
482 1390 659 1478 intentis
682 1389 854 1477 solamen
870 1387 981 1474 dulce
998 1387 1129 1474 nrinis.
1263 1415 1266 1422 ’
1411 1416 1466 1482 ¹95

293 1558 357 1641 Illi
372 1560 492 1644 etiam
509 1557 639 1642 Graiae
656 1555 827 1638 miserati
843 1553 1094 1640 incommoda
1116 1555 1260 1670 gentis,

293 1725 362 1848 Ne
378 1725 561 1808 Danadm
582 1719 738 1832 penitus
756 1721 914 1806 caderet
927 1749 1014 1808 cum
1031 1725 1192 1808 nomine
1208 1721 1342 1826 virtus,
1358 1790 1375 1820 .

208 1985 209 1989 Ν
292 1897 343 1974 In
359 1889 513 1974 Latium
529 1886 713 1972 advectos
724 1890 899 2004 juvenes,
919 1889 1180 2002 juvenumque
1195 1888 1410 2002 magistros,

295 2055 500 2171 Argolicas
517 2075 619 2141 artes
634 2055 772 2167 quibus
791 2054 887 2138 effet
900 2079 991 2139 cure
1006 2055 1124 2161 tueri,

294 2229 459 2310 Securos
476 2223 605 2308 Musas
615 2223 768 2338 juffere‚
785 2243 901 2334 atque
916 2221 1001 2304 otia
1016 2249 1157 2320 amere,
1406 2251 1465 2298 τοο

291 2389 356 2477 Illi
370 2390 637 2500 etiamcaptas
651 2391 730 2474 late
748 2390 884 2474 misere
906 2387 1123 2498 pecudes,

294 2558 379 2666 Qi
397 2555 532 2648 donas
551 2557 715 2664 tabulas,
739 2543 916 2642 veterum
928 2574 1184 2640 monumenta
1198 2554 1383 2664 virorum,

293 2725 463 2812 Mercati
479 2724 609 2834 pretio
624 2700 875 2828 adveherent,
903 2751 988 2835 quae
1002 2723 1186 2808 barbarus
1203 2723 1285 2837 igni

293 2887 496 2975 Tradebat
511 2893 694 2974 Danadm
712 2893 840 3003 regnis
857 2889 1071 3001 opibusque
1088 2891 1249 3004 potitus.

291 3061 347 3140 Et
366 3073 562 3142 tentamus
576 3053 702 3140 adhuc
718 3055 877 3166 sceptris
891 3055 1092 3167 imponere
1107 3057 1247 3142 nostris
1410 3091 1464 3154 ⁸05

292 3227 524 3329 Externum,
551 3219 717 3308 necdum
738 3223 867 3309 civiles
884 3221 1087 3308 condimus
1109 3225 1230 3310 enses.

293 3393 392 3492 Haec
410 3408 502 3472 aetas
521 3389 662 3495 omnis,
687 3411 818 3478 vatum
836 3389 919 3474 haec
942 3389 1102 3478 fortuna
1117 3393 1304 3505 priorum.
1368 3429 1372 3439 ·

338 3635 341 3642 .
363 3564 472 3670 Ergo
489 3558 611 3671 ipsum
625 3577 718 3644 ante
734 3557 829 3644 alios
845 3559 977 3644 animo
995 3585 1181 3646 venerare
1199 3571 1423 3670 Maronem,

293 3717 424 3836 Atque
437 3751 556 3809 unum
575 3725 748 3838 sequere,
774 3747 893 3840 utque
908 3747 1041 3836 potes,
1055 3726 1212 3841 vestigia
1228 3727 1346 3819 serva.

295 3890 379 4008 Qi
394 3890 422 3974 fi
437 3891 544 3974 forte
566 3891 641 3980 tibi
659 3923 740 3980 non
755 3895 890 3980 omnia
906 3893 1041 3980 sufficit
1054 3923 1163 4000 unus,
1409 3931 1462 3990 ιω,

214 4141 230 4178 0
294 4055 411 4145 Adde
425 4057 480 4142 illi
496 4077 610 4144 natos
627 4061 769 4148 eodem
789 4089 947 4176 quoque
963 4080 1141 4173 tempore
1156 4082 1277 4149 vates.

293 4225 413 4333 Parce
429 4221 585 4336 dehinc,
605 4252 715 4340 puer,
738 4247 856 4365 atque
871 4229 967 4327 elios
981 4255 1032 4334 ne
1051 4257 1179 4348 quere
1199 4231 1352 4332 docem

1370 4399 1456 4486 Nec
