3138 5142
295 267 373 343 114
535 247 703 326 Minci
729 243 1047 328 Huuaouum
1074 237 1216 323 Vauu

291 459 441 546 Aurum
457 457 611 573 ingene,
637 457 898 573 gemmasque,
922 465 965 542 &
980 453 1069 538 latis
1085 451 1232 562 praedia
1252 449 1408 544 fundis:

290 621 379 734 Ipse
395 649 473 740 ego
488 622 543 712 nil
557 622 720 722 horum
749 623 829 732 sed,
847 622 941 708 dum
957 619 1054 706 mihi
1073 621 1157 707 vita
1173 623 1364 732 manebit,
1430 663 1473 717 40

292 789 372 899 Te,
386 791 595 904 munusque
614 810 725 876 tuum
740 815 893 875 memor
908 789 989 876 imo
1007 788 1049 872 in
1067 789 1231 898 pectore
1247 790 1443 902 condens,
1553 747 1554 788 d

292 957 464 1044 Servabo
480 959 599 1074 usquc
614 984 773 1060 recens;
799 957 984 1070 nidloque
1003 953 1224 1040 abolebitur
1241 984 1338 1044 aevo.

102 1161 107 1170 ·
291 1127 494 1233 Praeterea,
516 1125 545 1210 fi
564 1125 658 1239 quid
672 1143 862 1237 poterunt
875 1150 1033 1237 quoque
1051 1123 1224 1208 carmina
1238 1124 1383 1232 nostra,
1554 1188 1555 1248 Ν

292 1291 490 1406 Quicquid
507 1321 635 1408 agam,
660 1291 845 1408 quicquid
858 1289 975 1375 Mufia
989 1287 1239 1377 suadentibus
1255 1290 1387 1396 edam,
1432 1415 1435 1420 Ι

190 1483 205 1504 ··
292 1461 457 1572 Semper
474 1463 550 1546 eris
568 1487 721 1547 mecum
735 1457 881 1545 tentati
896 1458 1064 1544 muueris
1080 1477 1207 1542 autor.
1429 1495 1469 1556 45

293 1621 459 1736 Auspice
476 1646 531 1734 te,
558 1629 668 1738 juvet
683 1626 865 1736 incoepto
878 1651 941 1710 me
958 1624 1130 1710 carmine
1147 1651 1281 1738 regem
1398 1637 1406 1661 ¹

293 1789 519 1882 Caelicolum
534 1818 687 1900 canere,
713 1803 755 1881 ὅτ
772 1793 902 1878 Musas
919 1793 1031 1902 supet
1046 1789 1146 1874 astra
1162 1815 1318 1896 vocare,

295 1957 427 2072 Atque
443 1961 548 2046 inter
560 1963 709 2048 Divum
723 1958 771 2045 fit
783 1958 896 2044 dulce
916 1954 1111 2042 senescere
1126 1955 1281 2044 laudes:

294 2122 357 2209 Te
374 2123 453 2212 line
465 2125 572 2210 nulla
587 2125 684 2212 meis
701 2125 861 2212 accedet
877 2124 1005 2240 gloria
1023 2124 1173 2234 coept'tu

608 2407 703 2511 Au
749 2409 1148 2512 Tuuuuuuu.

295 2637 551 3016 HAS
568 2635 802 2744 tibi,Terra‚
813 2631 936 2768 fabas,
952 2635 1062 2726 Alba
1071 2635 1315 2724 contermina
1329 2639 1468 2749 muris,

586 2807 671 2887 Dat
688 2809 817 2894 Vina:
845 2805 887 2888 in
904 2803 1007 2889 facili
1020 2823 1066 2896 tu
1079 2804 1186 2891 bona
1199 2803 1327 2892 conde
1341 2804 1442 2892 liuu.

508 2969 711 3076 Hauserit,
736 2967 901 3054 esuriem
920 2972 1055 3082 populi
1074 2971 1270 3062 miseratus
1291 2975 1466 3088 egentis,

376 3136 520 3222 Pallida
533 3137 624 3222 dum
640 3155 754 3248 capta
771 3137 878 3222 saevit
896 3138 938 3221 in
954 3136 1050 3222 urbe
1065 3139 1201 3236 fames.

293 3307 384 3390 Hoc
393 3303 524 3419 jejuna
540 3301 683 3389 famem
700 3304 813 3390 solari
832 3305 946 3390 turba
964 3325 1115 3416 paratu,
1260 3289 1265 3302 ’
1444 3343 1463 3404 5

383 3477 437 3555 Et
454 3489 607 3553 teneras
626 3473 775 3580 poterit
789 3499 946 3582 carpere
969 3473 1090 3558 dente
1108 3473 1230 3559 fabas.

294 3635 378 3742 Ille,
410 3635 475 3722 sua
492 3637 691 3748 aspectans
704 3665 880 3748 campum
899 3637 1065 3722 sublimis
1083 3640 1134 3722 ab
1153 3640 1251 3746 aula,

293 3925 296 3932 Δ
383 3805 593 3914 Concipiet
608 3803 758 3890 dulcem
777 3807 937 3916 pedore
954 3805 1150 3891 laetitiam:

294 3973 381 4054 Hos
398 3968 543 4086 legere,
570 3971 630 4056 his
645 3970 753 4054 leuis
769 3973 881 4075 vesci,
907 3971 1152 4082 praedamque
1171 3973 1362 4056 virentem

374 4139 537 4222 Vedium
555 4137 717 4221 humero
732 4139 888 4250 aspiciet
905 4135 1006 4224 ferre
1022 4137 1182 4224 domum
1198 4138 1358 4224 facturos.
1427 4179 1466 4222 ιο

1329 4309 1465 4420 Qum
