3172 5140
421 343 808 425 Potrtconum
843 347 949 430 Lu.
979 349 1013 426 1.
1255 373 1304 448 ι,

124 561 368 644 Permittunt
387 559 530 670 sponte
547 557 741 672 agricola,
770 571 812 646 &
828 561 969 647 cessare
987 558 1167 644 novales:

24 711 27 860 Ι
127 734 288 812 Interea
305 727 406 812 vires
424 727 538 812 tellus
553 728 703 813 inarata
719 727 908 834 resumit.

24 865 26 1020 y
127 897 290 1008 Qique
306 893 408 979 sunt
426 894 543 1009 largis
557 893 769 1005 respondet
786 894 960 1008 frugibus
978 923 1113 980 annus.

204 1069 349 1151 Vemm
367 1089 451 1146 non
468 1059 606 1146 eadem
624 1083 755 1146 tamen
773 1062 954 1147 omnibus
971 1064 1047 1148 esse
1066 1083 1268 1149 memento

83 1206 87 1214 ¹
122 1231 305 1343 Ingenia.
342 1204 528 1312 Inventus
544 1228 646 1340 saepe
666 1231 734 1334 est,
749 1229 811 1314 cui
826 1229 998 1334 carmina
1012 1257 1127 1335 curae,
1248 1267 1302 1330 355

127 1395 206 1480 Cui
225 1396 404 1504 placeant
421 1395 555 1502 Musae,
576 1398 638 1480 cui
653 1424 737 1482 non
753 1392 799 1479 stt
816 1396 910 1482 laeva
925 1397 1124 1498 voluntas;

128 1561 284 1643 Nititur
298 1561 361 1646 ille
378 1584 512 1648 tamen
525 1561 677 1669 frustra,
699 1573 741 1648 &
759 1564 966 1650 contendit
979 1563 1090 1650 inani

129 1725 297 1813 Delusus
316 1728 455 1838 studio,
476 1728 680 1842 vetitisque
698 1731 911 1846 accingitur
926 1731 1041 1818 aufis:

128 1895 304 1979 Numina
320 1896 415 1980 lava
433 1895 603 2003 obstant,
626 1897 874 2012 precibusque
888 1921 1049 1986 vocatus
1065 1899 1222 2014 Apollo.

129 2059 276 2144 Orabit
299 2063 435 2146 melius
452 2063 583 2149 causas
602 2057 683 2146 som
699 2065 778 2172 ille,
803 2069 1013 2180 animoque
1246 2091 1302 2164 3⁶·

128 2229 336 2334 Naturam,
365 2241 406 2316 δι
420 2257 545 2314 caetos
563 2255 693 2315 terum
711 2230 943 2317 scrutabitur
959 2254 1083 2318 ortus.

131 2396 241 2502 Saepe
257 2415 390 2480 tamen
405 2397 605 2509 cultusque
622 2397 820 2510 frequens,
846 2410 888 2485 &
902 2426 994 2484 cura
1016 2399 1228 2486 docentum

130 2566 303 2672 Imperat
324 2564 501 2676 ingeniis,
526 2585 740 2676 naturaque
759 2564 929 2648 flettitur
944 2584 1041 2650 arte.

200 2731 290 2817 Nec
304 2730 416 2815 labor
435 2732 500 2818 ille
519 2732 678 2845 quidem
690 2729 908 2815 restoribus
925 2731 1095 2838 ultimus,
1117 2759 1225 2818 acres

127 2899 294 2981 Incauto
303 2900 438 3014 juveni
456 2899 628 2984 stimulos
644 2921 820 2986 avertere
837 2900 994 3008 amoris,
1244 2927 1298 3002 3⁶5

126 3065 271 3150 Donec
284 3067 521 3153 crescentem
533 3065 675 3153 doceat
694 3068 883 3152 maturior
901 3087 995 3152 aetas

126 3233 246 3316 Ferre
262 3233 413 3347 jugum,
435 3253 552 3346 atque
568 3235 686 3340 faces,
710 3234 876 3344 saevique
889 3233 1093 3344 Cupidinis
1109 3235 1198 3320 iras.

126 3401 239 3510 saepe
253 3400 400 3484 etenim
416 3403 544 3486 tenos
563 3399 722 3486 immitis
736 3399 779 3484 in
797 3399 939 3484 offibus
954 3400 1063 3512 ignea

127 3563 267 3656 Versat
280 3593 405 3673 amor,
429 3567 640 3681 mollesque
657 3567 713 3652 est
728 3567 833 3650 intus
847 3593 939 3652 cura
951 3565 1151 3674 medullae,

126 3737 217 3818 Nec
239 3735 416 3821 miserum
435 3738 729 3846 patiturvatum
743 3693 969 3837 meminisse,
988 3759 1061 3817 nec
1076 3733 1191 3826 unda
1244 3773 1301 3836 ῃ·

128 3901 323 3988 Castaliae:
353 3921 510 3988 tantum
527 3902 687 4016 suspirat
703 3902 860 3988 vulnere
876 3927 991 3984 caeco.

127 4071 234 4156 Ante
250 4071 385 4155 oculos
403 4069 630 4156 fimulachra
640 4071 779 4155 volant
792 4069 1005 4190 noctesque
1023 4065 1181 4180 diesque

127 4235 280 4324 Nuntia
296 4237 617 4354 virgineirultus,
638 4265 755 4352 quem
769 4237 944 4348 perditus
960 4231 1085 4318 ardet.
1235 4247 1239 4256 ·

785 4403 821 4486 C
847 4435 869 4486 2
1212 4406 1303 4490 Nec
