<?xml version="1.0" encoding="UTF-8"?>
<!DOCTYPE html PUBLIC "-//W3C//DTD XHTML 1.0 Transitional//EN"
    "http://www.w3.org/TR/xhtml1/DTD/xhtml1-transitional.dtd">
<html xmlns="http://www.w3.org/1999/xhtml" xml:lang="en" lang="en">
 <head>
  <title>
</title>
<meta http-equiv="Content-Type" content="text/html;charset=utf-8" />
  <meta name='ocr-system' content='tesseract 3.04.00' />
  <meta name='ocr-capabilities' content='ocr_page ocr_carea ocr_par ocr_line ocrx_word'/>
</head>
<body>
  <div class='ocr_page' id='page_1' title='image "./marcihieronymiv00trisgoog_0051.png"; bbox 0 0 3172 5140; ppageno 0'>
   <div class='ocr_carea' id='block_1_1' title="bbox 297 343 1245 425">
    <p class='ocr_par' dir='ltr' id='par_1_1' title="bbox 297 343 1245 425">
     <span class='ocr_line' id='line_1_1' title="bbox 297 343 1245 425; baseline 0 -3"><span class='ocrx_word' id='word_1_1' title='bbox 297 359 347 424; x_wconf 66' lang='lat'>›16</span> <span class='ocrx_word' id='word_1_2' title='bbox 517 345 703 422; x_wconf 67' lang='lat' dir='ltr'>Miser</span> <span class='ocrx_word' id='word_1_3' title='bbox 739 343 1069 424; x_wconf 77' lang='lat' dir='ltr'>Hrurcouumr</span> <span class='ocrx_word' id='word_1_4' title='bbox 1104 343 1245 425; x_wconf 77' lang='lat' dir='ltr'>Vron</span> 
     </span>
    </p>
   </div>
   <div class='ocr_carea' id='block_1_2' title="bbox 207 556 1462 4174">
    <p class='ocr_par' dir='ltr' id='par_1_2' title="bbox 291 556 1374 667">
     <span class='ocr_line' id='line_1_2' title="bbox 291 556 1374 667; baseline 0.004 -25"><span class='ocrx_word' id='word_1_5' title='bbox 291 558 501 662; x_wconf 86' lang='lat' dir='ltr'><strong>Pollicitus,</strong></span> <span class='ocrx_word' id='word_1_6' title='bbox 529 557 741 640; x_wconf 82' lang='lat' dir='ltr'>celeremue</span> <span class='ocrx_word' id='word_1_7' title='bbox 759 581 910 661; x_wconf 86' lang='lat' dir='ltr'>canem,</span> <span class='ocrx_word' id='word_1_8' title='bbox 929 556 1123 666; x_wconf 71' lang='lat' dir='ltr'>pistamve</span> <span class='ocrx_word' id='word_1_9' title='bbox 1138 557 1374 667; x_wconf 74' lang='lat' dir='ltr'>pharetram.</span> 
     </span>
    </p>

    <p class='ocr_par' dir='ltr' id='par_1_3' title="bbox 291 719 1119 836">
     <span class='ocr_line' id='line_1_3' title="bbox 291 719 1119 836; baseline -0.001 -28"><span class='ocrx_word' id='word_1_10' title='bbox 291 725 498 810; x_wconf 87' lang='lat' dir='ltr'>Continuo</span> <span class='ocrx_word' id='word_1_11' title='bbox 516 721 646 806; x_wconf 86' lang='lat' dir='ltr'>videas</span> <span class='ocrx_word' id='word_1_12' title='bbox 664 719 789 807; x_wconf 91' lang='lat' dir='ltr'>studio</span> <span class='ocrx_word' id='word_1_13' title='bbox 805 723 945 836; x_wconf 86' lang='lat' dir='ltr'>gestire</span> <span class='ocrx_word' id='word_1_14' title='bbox 962 723 1119 834; x_wconf 88' lang='lat' dir='ltr'>legendi</span> 
     </span>
    </p>

    <p class='ocr_par' dir='ltr' id='par_1_4' title="bbox 292 887 1271 1002">
     <span class='ocr_line' id='line_1_4' title="bbox 292 887 1271 1002; baseline -0.004 -23"><span class='ocrx_word' id='word_1_15' title='bbox 292 893 524 996; x_wconf 84' lang='lat' dir='ltr'>Ardentem,</span> <span class='ocrx_word' id='word_1_16' title='bbox 550 917 594 974; x_wconf 85' lang='lat' dir='ltr'>ac</span> <span class='ocrx_word' id='word_1_17' title='bbox 612 890 694 974; x_wconf 82' lang='lat' dir='ltr'>sera</span> <span class='ocrx_word' id='word_1_18' title='bbox 708 887 777 972; x_wconf 92' lang='lat' dir='ltr'>sub</span> <span class='ocrx_word' id='word_1_19' title='bbox 792 893 910 974; x_wconf 71' lang='lat' dir='ltr'>noble</span> <span class='ocrx_word' id='word_1_20' title='bbox 926 915 1064 1002; x_wconf 87' lang='lat' dir='ltr'>urgere</span> <span class='ocrx_word' id='word_1_21' title='bbox 1081 891 1271 1000; x_wconf 88' lang='lat' dir='ltr'>laborem,</span> 
     </span>
    </p>

    <p class='ocr_par' dir='ltr' id='par_1_5' title="bbox 290 1031 1462 1335">
     <span class='ocr_line' id='line_1_5' title="bbox 290 1031 1462 1167; baseline 0 -23"><span class='ocrx_word' id='word_1_22' title='bbox 290 1069 400 1150; x_wconf 90' lang='lat' dir='ltr'>Dum</span> <span class='ocrx_word' id='word_1_23' title='bbox 420 1059 534 1143; x_wconf 89' lang='lat' dir='ltr'>timet</span> <span class='ocrx_word' id='word_1_24' title='bbox 550 1031 708 1140; x_wconf 85' lang='lat' dir='ltr'>alterius</span> <span class='ocrx_word' id='word_1_25' title='bbox 722 1033 839 1166; x_wconf 86' lang='lat' dir='ltr'>capiti</span> <span class='ocrx_word' id='word_1_26' title='bbox 855 1057 1029 1167; x_wconf 74' lang='lat' dir='ltr'>speslare</span> <span class='ocrx_word' id='word_1_27' title='bbox 1044 1085 1245 1143; x_wconf 85' lang='lat' dir='ltr'>coronam.</span> <span class='ocrx_word' id='word_1_28' title='bbox 1333 1115 1337 1124; x_wconf 89' lang='lat'>·</span> <span class='ocrx_word' id='word_1_29' title='bbox 1406 1088 1462 1156; x_wconf 77' lang='lat'>285</span> 
     </span>
     <span class='ocr_line' id='line_1_6' title="bbox 360 1222 1316 1335; baseline -0.004 -21"><span class='ocrx_word' id='word_1_30' title='bbox 360 1229 431 1314; x_wconf 90' lang='lat' dir='ltr'>Ast</span> <span class='ocrx_word' id='word_1_31' title='bbox 446 1225 513 1310; x_wconf 93' lang='lat' dir='ltr'>ubi</span> <span class='ocrx_word' id='word_1_32' title='bbox 529 1223 669 1335; x_wconf 88' lang='lat' dir='ltr'>sponte</span> <span class='ocrx_word' id='word_1_33' title='bbox 683 1227 747 1309; x_wconf 86' lang='lat' dir='ltr'>sua</span> <span class='ocrx_word' id='word_1_34' title='bbox 763 1222 888 1308; x_wconf 86' lang='lat' dir='ltr'>studia</span> <span class='ocrx_word' id='word_1_35' title='bbox 901 1222 985 1310; x_wconf 81' lang='lat' dir='ltr'>haec</span> <span class='ocrx_word' id='word_1_36' title='bbox 1003 1223 1156 1310; x_wconf 86' lang='lat' dir='ltr'>affuerit</span> <span class='ocrx_word' id='word_1_37' title='bbox 1170 1253 1316 1334; x_wconf 85' lang='lat' dir='ltr'>amare,</span> 
     </span>
    </p>

    <p class='ocr_par' dir='ltr' id='par_1_6' title="bbox 290 1391 1300 1509">
     <span class='ocr_line' id='line_1_7' title="bbox 290 1391 1300 1509; baseline 0.001 -31"><span class='ocrx_word' id='word_1_38' title='bbox 290 1397 381 1509; x_wconf 89' lang='lat' dir='ltr'>Jam</span> <span class='ocrx_word' id='word_1_39' title='bbox 396 1423 479 1480; x_wconf 90' lang='lat' dir='ltr'>non</span> <span class='ocrx_word' id='word_1_40' title='bbox 496 1391 622 1479; x_wconf 89' lang='lat' dir='ltr'>laudis</span> <span class='ocrx_word' id='word_1_41' title='bbox 638 1421 763 1501; x_wconf 86' lang='lat' dir='ltr'>amor,</span> <span class='ocrx_word' id='word_1_42' title='bbox 785 1423 869 1477; x_wconf 91' lang='lat' dir='ltr'>non</span> <span class='ocrx_word' id='word_1_43' title='bbox 884 1392 989 1502; x_wconf 81' lang='lat' dir='ltr'>illum</span> <span class='ocrx_word' id='word_1_44' title='bbox 1006 1395 1130 1506; x_wconf 88' lang='lat' dir='ltr'>gloria</span> <span class='ocrx_word' id='word_1_45' title='bbox 1146 1413 1300 1480; x_wconf 88' lang='lat' dir='ltr'>tantum</span> 
     </span>
    </p>

    <p class='ocr_par' dir='ltr' id='par_1_7' title="bbox 291 1558 1245 1673">
     <span class='ocr_line' id='line_1_8' title="bbox 291 1558 1245 1673; baseline 0.003 -29"><span class='ocrx_word' id='word_1_46' title='bbox 291 1562 498 1668; x_wconf 87' lang='lat' dir='ltr'>Sollic&#39;itat,</span> <span class='ocrx_word' id='word_1_47' title='bbox 523 1559 592 1644; x_wconf 87' lang='lat' dir='ltr'>sed</span> <span class='ocrx_word' id='word_1_48' title='bbox 607 1561 702 1643; x_wconf 87' lang='lat' dir='ltr'>mira</span> <span class='ocrx_word' id='word_1_49' title='bbox 716 1585 877 1669; x_wconf 85' lang='lat' dir='ltr'>opemm</span> <span class='ocrx_word' id='word_1_50' title='bbox 891 1558 1096 1646; x_wconf 87' lang='lat' dir='ltr'>dulcedine</span> <span class='ocrx_word' id='word_1_51' title='bbox 1109 1583 1245 1673; x_wconf 83' lang='lat' dir='ltr'>captus</span> 
     </span>
    </p>

    <p class='ocr_par' dir='ltr' id='par_1_8' title="bbox 290 1726 1190 1839">
     <span class='ocr_line' id='line_1_9' title="bbox 290 1726 1190 1839; baseline 0 -27"><span class='ocrx_word' id='word_1_52' title='bbox 290 1727 489 1812; x_wconf 86' lang='lat' dir='ltr'>Musarum</span> <span class='ocrx_word' id='word_1_53' title='bbox 506 1726 643 1839; x_wconf 89' lang='lat' dir='ltr'>nequit</span> <span class='ocrx_word' id='word_1_54' title='bbox 659 1726 772 1812; x_wconf 85' lang='lat' dir='ltr'>avelli</span> <span class='ocrx_word' id='word_1_55' title='bbox 785 1726 1048 1836; x_wconf 86' lang='lat' dir='ltr'>complexibus</span> <span class='ocrx_word' id='word_1_56' title='bbox 1062 1731 1190 1814; x_wconf 73' lang='lat' dir='ltr'>urstis.</span> 
     </span>
    </p>

    <p class='ocr_par' dir='ltr' id='par_1_9' title="bbox 290 1892 1224 2006">
     <span class='ocr_line' id='line_1_10' title="bbox 290 1892 1224 2006; baseline 0.001 -27"><span class='ocrx_word' id='word_1_57' title='bbox 290 1897 441 1980; x_wconf 89' lang='lat' dir='ltr'>Nonne</span> <span class='ocrx_word' id='word_1_58' title='bbox 455 1895 577 1999; x_wconf 86' lang='lat' dir='ltr'>vides,</span> <span class='ocrx_word' id='word_1_59' title='bbox 603 1893 691 1977; x_wconf 90' lang='lat' dir='ltr'>duri</span> <span class='ocrx_word' id='word_1_60' title='bbox 707 1912 820 1978; x_wconf 86' lang='lat' dir='ltr'>natos</span> <span class='ocrx_word' id='word_1_61' title='bbox 838 1892 905 1977; x_wconf 93' lang='lat' dir='ltr'>ubi</span> <span class='ocrx_word' id='word_1_62' title='bbox 921 1896 1022 2003; x_wconf 62' lang='lat' dir='ltr'>lssaepe</span> <span class='ocrx_word' id='word_1_63' title='bbox 1039 1917 1224 2006; x_wconf 85' lang='lat' dir='ltr'>parentes</span> 
     </span>
    </p>

    <p class='ocr_par' dir='ltr' id='par_1_10' title="bbox 289 2035 1217 2165">
     <span class='ocr_line' id='line_1_11' title="bbox 289 2035 1217 2165; baseline 0 -17"><span class='ocrx_word' id='word_1_64' title='bbox 289 2063 479 2148; x_wconf 89' lang='lat' dir='ltr'>Dulcibus</span> <span class='ocrx_word' id='word_1_65' title='bbox 497 2079 679 2146; x_wconf 86' lang='lat' dir='ltr'>amonmt</span> <span class='ocrx_word' id='word_1_66' title='bbox 694 2059 837 2165; x_wconf 84' lang='lat' dir='ltr'>studiis,</span> <span class='ocrx_word' id='word_1_67' title='bbox 856 2035 907 2146; x_wconf 48' lang='lat'>⁸&amp;</span> <span class='ocrx_word' id='word_1_68' title='bbox 922 2061 1067 2146; x_wconf 88' lang='lat' dir='ltr'>discere</span> <span class='ocrx_word' id='word_1_69' title='bbox 1085 2091 1217 2148; x_wconf 87' lang='lat' dir='ltr'>avaras</span> 
     </span>
    </p>

    <p class='ocr_par' dir='ltr' id='par_1_11' title="bbox 287 2225 1156 2345">
     <span class='ocr_line' id='line_1_12' title="bbox 287 2225 1156 2345; baseline 0.002 -32"><span class='ocrx_word' id='word_1_70' title='bbox 287 2231 485 2345; x_wconf 82' lang='lat' dir='ltr'>Jufferunt</span> <span class='ocrx_word' id='word_1_71' title='bbox 500 2249 617 2336; x_wconf 86' lang='lat' dir='ltr'>artes,</span> <span class='ocrx_word' id='word_1_72' title='bbox 640 2249 816 2313; x_wconf 87' lang='lat' dir='ltr'>mentem</span> <span class='ocrx_word' id='word_1_73' title='bbox 831 2225 1018 2340; x_wconf 86' lang='lat' dir='ltr'>fiquando</span> <span class='ocrx_word' id='word_1_74' title='bbox 1031 2229 1156 2315; x_wconf 92' lang='lat' dir='ltr'>libido</span> 
     </span>
    </p>

    <p class='ocr_par' dir='ltr' id='par_1_12' title="bbox 207 2377 1379 2524">
     <span class='ocr_line' id='line_1_13' title="bbox 207 2377 1379 2524; baseline 0 -41"><span class='ocrx_word' id='word_1_75' title='bbox 207 2515 211 2524; x_wconf 15' lang='grc' dir='ltr'>ἱ</span> <span class='ocrx_word' id='word_1_76' title='bbox 286 2401 402 2483; x_wconf 84' lang='lat' dir='ltr'>Nota</span> <span class='ocrx_word' id='word_1_77' title='bbox 417 2396 531 2504; x_wconf 89' lang='lat' dir='ltr'>subit,</span> <span class='ocrx_word' id='word_1_78' title='bbox 552 2397 740 2509; x_wconf 88' lang='lat' dir='ltr'>solitaque</span> <span class='ocrx_word' id='word_1_79' title='bbox 756 2398 926 2481; x_wconf 86' lang='lat' dir='ltr'>animum</span> <span class='ocrx_word' id='word_1_80' title='bbox 942 2394 1147 2482; x_wconf 90' lang='lat' dir='ltr'>dulcedine</span> <span class='ocrx_word' id='word_1_81' title='bbox 1162 2401 1299 2509; x_wconf 86' lang='lat' dir='ltr'>movit,</span> <span class='ocrx_word' id='word_1_82' title='bbox 1375 2377 1379 2384; x_wconf 38' lang='lat'><em>¹</em></span> 
     </span>
    </p>

    <p class='ocr_par' dir='ltr' id='par_1_13' title="bbox 288 2565 1143 2679">
     <span class='ocr_line' id='line_1_14' title="bbox 288 2565 1143 2679; baseline 0.001 -29"><span class='ocrx_word' id='word_1_83' title='bbox 288 2571 351 2650; x_wconf 89' lang='lat' dir='ltr'>Ut</span> <span class='ocrx_word' id='word_1_84' title='bbox 370 2567 450 2650; x_wconf 85' lang='lat' dir='ltr'>laeti</span> <span class='ocrx_word' id='word_1_85' title='bbox 467 2566 612 2650; x_wconf 81' lang='lat' dir='ltr'>nusum</span> <span class='ocrx_word' id='word_1_86' title='bbox 631 2565 797 2679; x_wconf 80' lang='lat' dir='ltr'>irriguos</span> <span class='ocrx_word' id='word_1_87' title='bbox 812 2565 996 2650; x_wconf 85' lang='lat' dir='ltr'>accedere</span> <span class='ocrx_word' id='word_1_88' title='bbox 1010 2567 1143 2652; x_wconf 86' lang='lat' dir='ltr'>fontes</span> 
     </span>
    </p>

    <p class='ocr_par' dir='ltr' id='par_1_14' title="bbox 288 2733 1457 2843">
     <span class='ocr_line' id='line_1_15' title="bbox 288 2733 1457 2843; baseline -0.006 -24"><span class='ocrx_word' id='word_1_89' title='bbox 288 2733 503 2821; x_wconf 74' lang='lat' dir='ltr'>Ardescunt</span> <span class='ocrx_word' id='word_1_90' title='bbox 519 2735 664 2840; x_wconf 90' lang='lat' dir='ltr'>studiis,</span> <span class='ocrx_word' id='word_1_91' title='bbox 690 2745 731 2820; x_wconf 75' lang='grc' dir='ltr'>δι</span> <span class='ocrx_word' id='word_1_92' title='bbox 751 2753 848 2818; x_wconf 90' lang='lat' dir='ltr'>nota</span> <span class='ocrx_word' id='word_1_93' title='bbox 863 2735 1028 2822; x_wconf 88' lang='lat' dir='ltr'>revisere</span> <span class='ocrx_word' id='word_1_94' title='bbox 1043 2735 1225 2843; x_wconf 79' lang='lat' dir='ltr'>Tempe?</span> <span class='ocrx_word' id='word_1_95' title='bbox 1403 2765 1457 2833; x_wconf 80' lang='lat'>²95</span> 
     </span>
    </p>

    <p class='ocr_par' dir='ltr' id='par_1_15' title="bbox 234 2899 1294 3014">
     <span class='ocr_line' id='line_1_16' title="bbox 234 2899 1294 3014; baseline 0.001 -30"><span class='ocrx_word' id='word_1_96' title='bbox 234 3001 240 3014; x_wconf 38' lang='grc' dir='ltr'>Ι</span> <span class='ocrx_word' id='word_1_97' title='bbox 286 2901 475 2985; x_wconf 83' lang='lat' dir='ltr'>Exultant</span> <span class='ocrx_word' id='word_1_98' title='bbox 494 2903 631 2984; x_wconf 87' lang='lat' dir='ltr'>animis</span> <span class='ocrx_word' id='word_1_99' title='bbox 648 2899 791 3009; x_wconf 88' lang='lat' dir='ltr'>cupidi,</span> <span class='ocrx_word' id='word_1_100' title='bbox 815 2921 1069 3012; x_wconf 84' lang='lat' dir='ltr'>pugnantque</span> <span class='ocrx_word' id='word_1_101' title='bbox 1086 2921 1294 3012; x_wconf 82' lang='lat' dir='ltr'>parentum</span> 
     </span>
    </p>

    <p class='ocr_par' dir='ltr' id='par_1_16' title="bbox 286 3063 1171 3179">
     <span class='ocr_line' id='line_1_17' title="bbox 286 3063 1171 3179; baseline 0.005 -31"><span class='ocrx_word' id='word_1_102' title='bbox 286 3067 479 3176; x_wconf 88' lang='lat' dir='ltr'>Imperiis,</span> <span class='ocrx_word' id='word_1_103' title='bbox 503 3064 639 3179; x_wconf 91' lang='lat' dir='ltr'>nequit</span> <span class='ocrx_word' id='word_1_104' title='bbox 655 3063 837 3150; x_wconf 86' lang='lat' dir='ltr'>ardentes</span> <span class='ocrx_word' id='word_1_105' title='bbox 850 3067 906 3152; x_wconf 84' lang='lat' dir='ltr'>vis</span> <span class='ocrx_word' id='word_1_106' title='bbox 922 3068 999 3152; x_wconf 86' lang='lat' dir='ltr'>ulla</span> <span class='ocrx_word' id='word_1_107' title='bbox 1014 3071 1171 3154; x_wconf 85' lang='lat' dir='ltr'>morari.</span> 
     </span>
    </p>

    <p class='ocr_par' dir='ltr' id='par_1_17' title="bbox 287 3232 1130 3347">
     <span class='ocr_line' id='line_1_18' title="bbox 287 3232 1130 3347; baseline 0.004 -31"><span class='ocrx_word' id='word_1_108' title='bbox 287 3233 350 3317; x_wconf 88' lang='lat' dir='ltr'>Sic</span> <span class='ocrx_word' id='word_1_109' title='bbox 364 3235 528 3319; x_wconf 78' lang='lat' dir='ltr'>assuetus</span> <span class='ocrx_word' id='word_1_110' title='bbox 541 3261 657 3347; x_wconf 92' lang='lat' dir='ltr'>equus</span> <span class='ocrx_word' id='word_1_111' title='bbox 669 3233 753 3346; x_wconf 86' lang='lat' dir='ltr'>jam</span> <span class='ocrx_word' id='word_1_112' title='bbox 768 3232 873 3317; x_wconf 90' lang='lat' dir='ltr'>duris</span> <span class='ocrx_word' id='word_1_113' title='bbox 886 3261 959 3318; x_wconf 87' lang='lat' dir='ltr'>ora</span> <span class='ocrx_word' id='word_1_114' title='bbox 973 3234 1130 3346; x_wconf 87' lang='lat' dir='ltr'>lupatis,</span> 
     </span>
    </p>

    <p class='ocr_par' dir='ltr' id='par_1_18' title="bbox 285 3397 1268 3514">
     <span class='ocr_line' id='line_1_19' title="bbox 285 3397 1268 3514; baseline 0.004 -29"><span class='ocrx_word' id='word_1_115' title='bbox 285 3405 409 3486; x_wconf 87' lang='lat' dir='ltr'>Forte</span> <span class='ocrx_word' id='word_1_116' title='bbox 421 3403 558 3514; x_wconf 90' lang='lat' dir='ltr'>procul</span> <span class='ocrx_word' id='word_1_117' title='bbox 578 3402 683 3486; x_wconf 88' lang='lat' dir='ltr'>notis</span> <span class='ocrx_word' id='word_1_118' title='bbox 702 3397 921 3486; x_wconf 85' lang='lat' dir='ltr'>fiarmenta</span> <span class='ocrx_word' id='word_1_119' title='bbox 935 3400 1082 3512; x_wconf 87' lang='lat' dir='ltr'>aspexit</span> <span class='ocrx_word' id='word_1_120' title='bbox 1097 3403 1139 3488; x_wconf 91' lang='lat' dir='ltr'>in</span> <span class='ocrx_word' id='word_1_121' title='bbox 1155 3405 1268 3512; x_wconf 79' lang='lat' dir='ltr'>aruis,</span> 
     </span>
    </p>

    <p class='ocr_par' dir='ltr' id='par_1_19' title="bbox 285 3565 1459 3680">
     <span class='ocr_line' id='line_1_20' title="bbox 285 3565 1459 3680; baseline -0.003 -26"><span class='ocrx_word' id='word_1_122' title='bbox 285 3575 376 3654; x_wconf 90' lang='lat' dir='ltr'>Huc</span> <span class='ocrx_word' id='word_1_123' title='bbox 386 3592 564 3656; x_wconf 90' lang='lat' dir='ltr'>veterum</span> <span class='ocrx_word' id='word_1_124' title='bbox 581 3565 674 3653; x_wconf 90' lang='lat' dir='ltr'>ferri</span> <span class='ocrx_word' id='word_1_125' title='bbox 687 3568 797 3678; x_wconf 89' lang='lat' dir='ltr'>cupit</span> <span class='ocrx_word' id='word_1_126' title='bbox 809 3565 912 3654; x_wconf 87' lang='lat' dir='ltr'>haud</span> <span class='ocrx_word' id='word_1_127' title='bbox 924 3569 1067 3658; x_wconf 90' lang='lat' dir='ltr'>oblitus</span> <span class='ocrx_word' id='word_1_128' title='bbox 1080 3599 1269 3680; x_wconf 86' lang='lat' dir='ltr'>amorum,</span> <span class='ocrx_word' id='word_1_129' title='bbox 1399 3607 1459 3670; x_wconf 60' lang='grc' dir='ltr'>,ω</span> 
     </span>
    </p>

    <p class='ocr_par' dir='ltr' id='par_1_20' title="bbox 285 3733 1343 3855">
     <span class='ocr_line' id='line_1_21' title="bbox 285 3733 1343 3855; baseline 0.006 -35"><span class='ocrx_word' id='word_1_130' title='bbox 285 3739 419 3848; x_wconf 87' lang='lat' dir='ltr'>Atque</span> <span class='ocrx_word' id='word_1_131' title='bbox 437 3737 501 3822; x_wconf 92' lang='lat' dir='ltr'>hic</span> <span class='ocrx_word' id='word_1_132' title='bbox 518 3758 638 3851; x_wconf 86' lang='lat' dir='ltr'>atque</span> <span class='ocrx_word' id='word_1_133' title='bbox 655 3737 732 3822; x_wconf 91' lang='lat' dir='ltr'>illic</span> <span class='ocrx_word' id='word_1_134' title='bbox 753 3735 887 3844; x_wconf 88' lang='lat' dir='ltr'>haeret,</span> <span class='ocrx_word' id='word_1_135' title='bbox 914 3733 1120 3851; x_wconf 85' lang='lat' dir='ltr'>fraenisque</span> <span class='ocrx_word' id='word_1_136' title='bbox 1136 3757 1343 3855; x_wconf 86' lang='lat' dir='ltr'>repugnat,</span> 
     </span>
    </p>

    <p class='ocr_par' dir='ltr' id='par_1_21' title="bbox 284 3903 1222 4018">
     <span class='ocr_line' id='line_1_22' title="bbox 284 3903 1222 4018; baseline 0.007 -31"><span class='ocrx_word' id='word_1_137' title='bbox 284 3905 430 4013; x_wconf 81' lang='lat' dir='ltr'>Qove</span> <span class='ocrx_word' id='word_1_138' title='bbox 446 3907 572 4018; x_wconf 86' lang='lat' dir='ltr'>magis</span> <span class='ocrx_word' id='word_1_139' title='bbox 592 3904 749 3988; x_wconf 92' lang='lat' dir='ltr'>stimulis</span> <span class='ocrx_word' id='word_1_140' title='bbox 768 3903 897 4012; x_wconf 85' lang='lat' dir='ltr'>instas,</span> <span class='ocrx_word' id='word_1_141' title='bbox 924 3904 1001 3992; x_wconf 88' lang='lat' dir='ltr'>hoc</span> <span class='ocrx_word' id='word_1_142' title='bbox 1018 3907 1140 3992; x_wconf 87' lang='lat' dir='ltr'>acrius</span> <span class='ocrx_word' id='word_1_143' title='bbox 1156 3909 1222 3994; x_wconf 91' lang='lat' dir='ltr'>ille</span> 
     </span>
    </p>

    <p class='ocr_par' dir='ltr' id='par_1_22' title="bbox 282 4071 1242 4174">
     <span class='ocr_line' id='line_1_23' title="bbox 282 4071 1242 4174; baseline 0.006 -18"><span class='ocrx_word' id='word_1_144' title='bbox 282 4073 469 4174; x_wconf 78' lang='lat' dir='ltr'>Perfiurit3</span> <span class='ocrx_word' id='word_1_145' title='bbox 496 4074 529 4158; x_wconf 87' lang='lat' dir='ltr'>it</span> <span class='ocrx_word' id='word_1_146' title='bbox 547 4071 707 4158; x_wconf 89' lang='lat' dir='ltr'>tandem</span> <span class='ocrx_word' id='word_1_147' title='bbox 724 4073 851 4158; x_wconf 90' lang='lat' dir='ltr'>multo</span> <span class='ocrx_word' id='word_1_148' title='bbox 867 4073 930 4162; x_wconf 88' lang='lat' dir='ltr'>vix</span> <span class='ocrx_word' id='word_1_149' title='bbox 946 4075 1106 4160; x_wconf 88' lang='lat' dir='ltr'>verbere</span> <span class='ocrx_word' id='word_1_150' title='bbox 1120 4077 1242 4164; x_wconf 62' lang='lat' dir='ltr'>vissus</span> 
     </span>
    </p>
   </div>
   <div class='ocr_carea' id='block_1_3' title="bbox 284 4187 1466 4534">
    <p class='ocr_par' dir='ltr' id='par_1_23' title="bbox 284 4187 1466 4534">
     <span class='ocr_line' id='line_1_24' title="bbox 284 4187 1466 4354; baseline 0.008 -30"><span class='ocrx_word' id='word_1_151' title='bbox 284 4243 475 4352; x_wconf 88' lang='lat' dir='ltr'>Coeptum</span> <span class='ocrx_word' id='word_1_152' title='bbox 493 4243 587 4326; x_wconf 85' lang='lat' dir='ltr'>iter:</span> <span class='ocrx_word' id='word_1_153' title='bbox 617 4239 697 4351; x_wconf 88' lang='lat' dir='ltr'>ipsa</span> <span class='ocrx_word' id='word_1_154' title='bbox 711 4260 844 4324; x_wconf 91' lang='lat' dir='ltr'>tamen</span> <span class='ocrx_word' id='word_1_155' title='bbox 863 4243 1083 4354; x_wconf 74' lang='lat' dir='ltr'>respedtans</span> <span class='ocrx_word' id='word_1_156' title='bbox 1099 4245 1236 4334; x_wconf 85' lang='lat' dir='ltr'>crebra</span> <span class='ocrx_word' id='word_1_157' title='bbox 1252 4265 1430 4334; x_wconf 84' lang='lat' dir='ltr'>moratur</span> <span class='ocrx_word' id='word_1_158' title='bbox 1454 4187 1466 4208; x_wconf 39' lang='lat'>⁸</span> 
     </span>
     <span class='ocr_line' id='line_1_25' title="bbox 1300 4415 1456 4534; baseline 0.019 -31"><span class='ocrx_word' id='word_1_159' title='bbox 1300 4415 1456 4534; x_wconf 82' lang='lat' dir='ltr'>Pascua,</span> 
     </span>
    </p>
   </div>
   <div class='ocr_carea' id='block_1_4' title="bbox 0 0 1590 5140">
    <p class='ocr_par' dir='ltr' id='par_1_24' title="bbox 0 0 1590 5140">
     <span class='ocr_line' id='line_1_26' title="bbox 0 0 1590 5140; baseline 0 2"><span class='ocrx_word' id='word_1_160' title='bbox 0 0 1590 5140; x_wconf 95' lang='lat' dir='ltr'> </span> 
     </span>
    </p>
   </div>
  </div>
 </body>
</html>
