3172 5140
250 329 307 408 44
463 299 654 383 Minor
697 297 1028 380 Hrnnonrnr
1075 299 1215 384 Vron

325 521 382 602 At
400 541 484 598 non
499 513 646 626 exiguis
663 512 784 596 etiarn
803 531 847 596 te
859 511 1027 596 insistere
1044 512 1159 596 rebus
1339 557 1342 566 ·

251 683 484 788 Abnuerim,
510 677 819 794 simagnavoles
835 707 1075 790 componere
1089 681 1233 791 parvis,

252 860 336 940 Ant
351 849 487 962 apibus
504 850 663 956 Tyrios,
690 868 759 934 ant
773 847 900 962 Troja
915 875 966 932 ex
981 847 1078 932 urbe
1096 847 1298 958 profestos

252 1020 458 1127 Formicis,
483 1016 672 1123 Libycum
692 1035 909 1126 properant
924 1015 1019 1102 dnm
1032 1016 1207 1128 linquere
1222 1015 1344 1100 littus.
1373 1039 1429 1114 εις

254 1188 335 1276 Sed
351 1213 432 1274 non
445 1185 609 1271 Ausonii
625 1187 733 1271 redte
748 1181 1102 1272 foediffimamnsca

255 1355 395 1444 Militis
411 1352 572 1466 aeqnarit
586 1380 807 1460 numerum,
832 1381 923 1438 cum
940 1351 1107 1464 plurimu
1123 1352 1327 1438 muld'tram

257 1523 484 1630 Pervolitat,
509 1549 637 1633 neque
656 1521 762 1604 enim
778 1522 822 1606 in
838 1519 958 1604 Latio
975 1549 1122 1635 magno
1140 1547 1210 1604 ore
1227 1521 1432 1628 sonantem

259 1693 396 1796 Arma,
422 1687 613 1797 ducesque
627 1686 744 1772 decet
759 1703 843 1768 tam
856 1685 951 1772 viles
966 1682 1146 1776 decidere
1164 1689 1206 1774 in
1222 1715 1295 1774 res.

259 1861 350 1946 Nec
365 1854 480 1940 dietis
494 1852 571 1936 erit
582 1853 681 1938 ullus
694 1852 838 1958 honos,
854 1851 883 1936 st
897 1880 985 1938 cunr
1003 1855 1111 1940 attus
1127 1856 1177 1942 ab
1193 1857 1289 1942 urbe
1379 1889 1437 1950 290

261 2023 440 2114 Daunius
457 2019 588 2106 hostili
606 2020 770 2106 Teucris
789 2021 1016 2132 urgentibus
1036 2022 1154 2108 heros

262 2191 338 2280 Vix
355 2217 486 2304 pugna
502 2187 660 2294 absistit,
686 2185 815 2272 similis
831 2187 984 2274 dicetur
998 2189 1130 2296 asello,

261 2359 396 2470 Qut
412 2357 523 2467 pueri
538 2355 632 2440 laeto
647 2357 870 2468 pascentem
886 2355 1046 2469 pinguia
1061 2357 1103 2440 in
1119 2382 1217 2470 agro

264 2523 403 2610 Ordea
416 2523 608 2634 stipitibus
626 2523 732 2610 durio
747 2523 955 2610 detrudere
970 2524 1142 2610 tendunt

265 2691 474 2801 Instantes‚
487 2693 746 2807 quatiuntque
765 2692 877 2778 sudes
893 2721 964 2804 per
979 2713 1105 2808 terga,
1118 2721 1191 2803 per
1206 2717 1353 2778 armos:
1384 2725 1439 2785 295

266 2860 339 2944 Ille
355 2878 487 2944 antem
500 2885 642 2967 campo
659 2859 724 2942 vix
742 2856 896 2960 cedere,
924 2869 966 2942 δε
981 2859 1087 2942 inter
1104 2859 1277 2944 eundum

268 3029 381 3133 Saepe
395 3020 473 3126 hic,
500 3039 619 3132 atque
634 3021 713 3104 illic
729 3019 850 3104 nvidis
865 3020 1035 3106 inlistere
1050 3023 1172 3106 malis.

269 3189 420 3274 Omnia
436 3187 689 3296 conveniunt,
714 3213 920 3301 rerumque
933 3185 1121 3272 simillima
1134 3188 1266 3304 imago
1282 3193 1359 3277 est:

270 3355 404 3444 Credo
419 3355 599 3469 equidem
606 3399 620 3457 ς
638 3356 707 3442 sed
723 3377 837 3468 turpe
852 3383 988 3467 pecus:
1017 3383 1091 3442 nec
1103 3359 1260 3444 Turnus
1274 3361 1444 3470 asellum,

270 3525 431 3612 Turnus
448 3525 529 3612 avis
550 3523 748 3638 atavisque
762 3547 921 3638 potens,
946 3524 1171 3638 dignabitur
1190 3526 1318 3612 heros.
1386 3563 1445 3625 300

273 3692 413 3802 Aptius
428 3691 530 3778 hanc
551 3695 720 3804 speciem
736 3689 880 3778 referet
894 3691 973 3797 leo,
998 3719 1118 3805 quem
1132 3722 1260 3807 neque
1277 3715 1392 3812 terga

273 3865 339 3944 Ira
354 3858 463 3966 dare,
490 3862 696 3970 autvvirtue
717 3868 880 3972 patitur,
907 3885 1034 3970 neque
1051 3861 1187 3946 sufficit
1203 3891 1302 3948 unus
1325 3925 1327 3935 ι

274 4025 460 4118 Tendere
478 4043 543 4109 tot
559 4045 713 4132 contra,
738 4023 901 4138 telisque
922 4027 1076 4110 obstare
1093 4029 1336 4139 sequentum.

347 4201 440 4282 Hoc
460 4217 617 4306 qnoque
634 4217 716 4280 non
730 4191 862 4282 studiis
882 4193 996 4282 nobis
1011 4193 1217 4282 levioribus
1233 4194 1351 4296 instat

1371 4361 1448 4446 Cu·
