3172 5140
274 355 323 430 32
500 329 675 408 Minci
714 325 1040 412 H1enouumr
1077 333 1222 415 Vron

269 543 311 628 si
327 567 404 654 qun
421 539 560 646 latent,
574 539 686 624 vobis
705 559 860 625 tantum
877 539 1047 629 divortia
1061 570 1177 656 nota,
1229 541 1231 549 ’
1362 627 1366 630 ,

266 709 479 796 Praesentes
499 710 727 814 monstrate,
755 709 955 822 novosque
972 711 1168 799 ostendite
1184 715 1314 823 calles,
1567 684 1568 708 ¹

267 882 382 994 Qos
400 898 569 962 teneam.
597 883 679 965 Vos
695 888 767 960 eu!
796 880 940 982 omnis,
966 907 1037 963 vos
1053 880 1154 964 Itala
1168 884 1313 994 pubes„

267 1050 370 1162 Qae
380 1048 476 1164 juga
491 1047 565 1131 sub·
573 1045 715 1131 nostris
729 1073 834 1130 nunc
846 1047 976 1132 tendit
993 1047 1044 1132 ad
1058 1047 1178 1133 ardua
1193 1049 1321 1164 fignis,

265 1216 507 1331 Supplicibus
523 1211 650 1326 poscit
665 1213 783 1318 votis,
809 1211 1017 1329 facilesque
1034 1236 1226 1326 precatur.
1359 1233 1365 1244 '
1417 1259 1434 1300 ι

265 1388 374 1471 Nam
389 1383 486 1470 mihi
502 1409 606 1468 nunc
620 1380 792 1492 reperire
806 1405 912 1493 apta,
924 1405 1043 1498 atque
1054 1403 1209 1496 reperta
1221 1382 1459 1470 docendum

264 1555 474 1670 Digerere,
502 1571 621 1662 atque
637 1547 706 1632 suo
720 1578 883 1664 quaeque
898 1551 1040 1637 ordine
1054 1555 1130 1638 rite
1143 1555 1287 1640 locare.

264 1725 399 1808 Durus
415 1741 580 1830 uterque
598 1715 729 1800 labor:
758 1715 828 1801 sed
846 1746 946 1830 quos
961 1725 1071 1808 Deus
1088 1722 1225 1836 aspicit
1242 1749 1389 1836 aequus,

265 1895 377 2000 Saepe
393 1889 469 1972 suis
482 1885 611 1972 subito
627 1883 831 1970 invenient
845 1888 1101 1975 accommodo
1118 1891 1234 1975 votis.

265 2057 403 2144 Altera
418 2081 562 2164 nempe
579 2049 655 2136 arti
669 2027 824 2138 tantuin
839 2051 896 2136 est
915 2053 1090 2140 obnoxia
1108 2083 1214 2164 cura,
1410 2091 1444 2148 ις

264 2222 388 2311 Unde
410 2223 539 2310 {olent
559 2215 715 2304 laudem
731 2219 927 2330 inprimis
947 2242 1088 2334 optare
1107 2247 1248 2336 poetae.

335 2389 578 2482 Vestibulum
595 2407 687 2473 ante
702 2386 842 2500 ipsum,
860 2389 1068 2504 primoque
1084 2393 1125 2476 in
1143 2392 1277 2477 limine
1292 2393 1446 2502 semper

264 2560 479 2648 Prudenter
495 2555 635 2643 leviter
651 2583 782 2641 rerum
798 2553 951 2670 fastigia
966 2557 1117 2644 summa

264 2731 424 2836 Libanr,
451 2739 493 2816 &
512 2727 637 2840 parcis
655 2725 862 2838 attingunt
875 2725 1011 2810 omnia
1029 2725 1156 2834 dietis,
1299 2739 1302 2746 ’

265 2901 368 3010 Qae
383 2922 524 2982 canere
540 2895 724 2978 statuere:
753 2889 863 2975 simul
878 2891 1050 2976 coelestia
1066 2893 1213 2977 Divum

263 3065 422 3152 Auxilia
434 3061 662 3173 implorant,
688 3060 857 3170 propriis
874 3059 929 3142 nil
945 3058 1086 3144 viribus
1097 3059 1187 3146 aufi.

263 3237 379 3344 Qos
391 3255 482 3314 ores
499 3247 631 3312 autem
643 3255 727 3311 non
741 3228 877 3342 magni
892 3226 1061 3339 denique
1075 3221 1212 3336 refert,

262 3407 373 3488 Dum
392 3423 546 3483 memor
562 3395 736 3507 auspiciis
748 3393 971 3508 cujusquam
986 3397 1127 3480 ctunsta
1140 3399 1319 3482 Deorum

263 3565 527 3684 Aggrediere:
557 3563 668 3678 Jovis
691 3591 818 3676 neque
839 3564 947 3646 enim
964 3561 1034 3646 nifi
1053 3563 1130 3647 rite
1145 3585 1289 3652 vocato

262 3731 440 3823 Numine
453 3727 513 3816 fas
527 3730 732 3843 quicquam
752 3729 875 3814 ordiri
889 3731 1118 3820 mortalibus
1135 3735 1270 3820 altum.
1404 3765 1440 3825 ις

260 3907 353 3990 Nec
365 3899 423 3987 sat
439 3927 560 4012 opem
572 3897 782 4008 implorare
800 3897 1159 4014 semel‚·Musasque
1177 3903 1295 4008 ciere,

263 4073 342 4157 Sed
357 4069 527 4186 quoties,
552 4063 673 4152 veluti
692 4063 854 4174 scopuli,
882 4065 1077 4152 duriffima
1093 4068 1201 4156 dictu

263 4229 467 4354 Objicient
483 4235 563 4322 sese
585 4233 672 4342 tibi,
698 4257 782 4318 non
797 4231 1013 4344 superanda
1026 4236 1162 4324 labore

1335 4413 1443 4492 Mor-
