3172 5140
280 339 333 406 62
490 327 679 404 Murci
721 325 1050 406 Hirrouumr
1097 326 1236 410 Vm

278 539 347 624 Ne
366 555 422 644 te,
438 563 560 648 opere
575 536 769 650 incoepto,
785 536 983 621 deterreat
999 535 1119 622 ardua
1136 558 1243 622 meta
1252 585 1266 646 ς

277 677 526 809 Audendum,
553 731 662 813 puer,
680 722 798 817 atque
813 704 960 789 invidio
976 703 1140 814 pedore
1154 704 1363 818 agendum.

277 873 369 984 Jam
387 891 430 955 te
447 871 616 957 Pierides
630 872 777 957 summa
788 883 858 954 eu!
887 869 938 954 de
958 897 1052 980 rupe
1067 872 1331 986 propinquum

278 1043 390 1124 Voce
406 1059 563 1146 vocant,
587 1037 776 1150 viridique
790 1037 990 1122 ostentant
1004 1035 1147 1120 fronde
1165 1064 1354 1124 coronam

277 1205 445 1311 victori,
470 1226 588 1320 atque
606 1206 739 1290 anirno
756 1205 929 1292 stimulos
945 1204 1168 1290 hortatibus
1185 1163 1347 1290 addunr.
1415 1243 1452 1292 ιο

278 1375 446 1486 Jamque
462 1369 566 1457 rosas
584 1373 744 1458 calathis
762 1369 948 1488 spargunt
965 1396 1037 1482 per
1050 1369 1183 1453 nubila
1199 1369 1327 1482 plenis

277 1538 471 1650 Desuper,
498 1540 695 1628 &florum
713 1538 866 1689 piacido
885 1561 926 1621 te
943 1537 1108 1648 plurima
1123 1535 1277 1666 nimbo

277 1705 506 1815 Tempestas
524 1707 668 1816 operit,
696 1693 929 1818 gr'atumque
949 1704 1087 1789 ediusus
1106 1659 1287 1790 odorem

279 1871 493 1958 Ambrofiae
511 1869 637 1984 liquor
656 1869 813 1980 aspirat,
839 1871 970 1956 divina
984 1871 1178 1981 voluptas.
1563 1991 1568 2002 Ι

347 2038 564 2128 Verborum
576 2039 616 2122 iu
629 2038 763 2148 primis
772 2037 951 2124 tenebras
959 2034 1066 2151 iuge,
1074 2037 1283 2150 nubilaque
1295 2054 1403 2140 επις
1416 2071 1450 2132 15

279 2207 387 2290 Nam
405 2230 531 2315 neque
548 2203 589 2315 (fi
604 2225 757 2290 tantum
775 2203 833 2290 fas
847 2203 1017 2314 credere)
1037 2203 1162 2290 defuit
1178 2205 1286 2315 olim,

279 2373 377 2481 Qi,
394 2373 526 2456 lumen
541 2371 750 2484 jucundum
766 2371 886 2478 ultro,
913 2371 1114 2485 lucemque
1131 2373 1303 2483 perosus,
1433 2369 1436 2376 ‘

279 2536 461 2626 Obscum
477 2539 627 2624 nebulae
642 2537 682 2623 se
699 2535 944 2626 circumfudit
959 2537 1122 2622 amida:

278 2704 432 2791 Tantus
449 2735 561 2792 amor
575 2707 717 2813 nodis,
744 2707 903 2794 latebrae
923 2727 1005 2792 tam
1027 2703 1112 2793 dira
1126 2704 1281 2815 cupido.

278 2869 350 2954 Ille
367 2900 446 2991 ego
461 2873 543 2979 sim,
571 2874 633 2958 cui
655 2871 824 2957 Pierides
840 2872 938 2956 dent
956 2872 1127 2956 carmina
1146 2872 1267 2956 Musae
1413 2910 1453 2955 ιο

277 3037 444 3146 Lumine
459 3038 563 3122 ‘chre
576 3037 662 3140 suo,
687 3056 860 3120 extem
879 3035 976 3122 nihii
989 3037 1239 3152 indigi'lucir.

277 3204 368 3286 Nec
386 3222 521 3287 tamen
535 3203 578 3290 id
594 3209 697 3290 voris
712 3203 932 3316 optandum
948 3203 1118 3316 denique
1136 3205 1307 3320 magnis:

277 3369 366 3477 Ipse
385 3371 516 3458 volens
535 3400 609 3482 per
628 3393 670 3456 te
685 3371 855 3482 poterim
883 3370 940 3456 viu
953 3372 1118 3482 Daedala
1133 3371 1242 3456 fandi
1281 3467 1284 3474 ¹

276 3537 363 3622 Tot
379 3541 417 3622 se
435 3539 535 3628 adeo
550 3541 595 3627 iu
609 3539 744 3648 facies,
772 3559 837 3625 tot
852 3541 891 3622 se
908 3541 1103 3625 convertit
1122 3539 1164 3624 in
1176 3567 1261 3644 ora,

189 3705 195 3714 ’
264 3705 388 3790 -Milie
405 3707 1000 3800 mitusmriaesecummtiuue
1020 3705 1185 3792 colores.
1414 3731 1451 3792 ²5

276 3873 389 3959 Mille
409 3873 534 3958 modis
551 3877 702 3986 aperire
716 3875 832 3960 darm
846 3873 1064 3985 mentisque
1079 3873 1262 3979 latebras,

322 4041 437 4154 uique
454 4041 580 4124 latent
592 4047 717 4129 tacito
730 4041 862 4126 arcani
877 4041 946 4125 iub
964 4041 1126 4152 pestere
1139 4017 1283 4124 uretur.

275 4210 314 4290 Si
333 4209 417 4314 tibi,
445 4210 537 4296 dum
556 4212 744 4324 trepidas,
768 4213 854 4296 ποκ’
871 4209 947 4294 hec
962 4207 1193 4315 fircceiiurit¹
1218 4213 1259 4292 dc
1274 4205 1340 4290 iux

1349 4373 1452 4456 Non
