3172 5140
272 369 324 422 22
499 347 679 428 Mirer
715 345 1038 432 Hunorum
1077 349 1218 432 Vron

272 557 490 664 Continuo,
513 558 640 665 edico,
662 559 745 674 jam
763 577 858 647 tuuc
874 560 1067 646 animosus
1084 563 1259 648 alumnus
1391 603 1451 660 με

268 727 319 810 In
337 753 542 810 numerum
558 726 721 836 incipiat
739 726 808 810 sub
824 728 931 842 leges
949 755 1091 842 cogere
1109 731 1249 813 verba:

269 893 360 1016 Jam
377 914 472 979 tunc
490 889 681 977 summiffa
699 893 910 980 meditetur
928 897 1099 982 carmina
1116 925 1226 1002 voce,

271 1061 505 1146 Sermonum
519 1086 686 1166 memor,
714 1063 883 1174 antiquis
897 1092 995 1175 quos
1010 1065 1162 1149 vatibus
1176 1064 1312 1149 hansrt.

130 1337 134 1346 ¹
268 1225 377 1312 Tum
394 1227 498 1313 votis
512 1226 583 1312 fibi
598 1251 758 1314 centum
772 1255 895 1339 aures,
917 1253 1004 1316 tum
1021 1231 1166 1316 lumina
1179 1253 1336 1320 centum

269 1398 444 1520 Exoptat
463 1395 603 1480 dubius
621 1419 763 1501 rerum,
791 1396 1043 1510 metuensque
1062 1397 1209 1508 pericli.
1389 1430 1443 1493 μ,

271 1561 425 1649 Dividit
441 1563 516 1648 hue
536 1563 626 1648 illue
638 1565 826 1672 animum,
851 1561 1108 1675 eundumque
1123 1585 1300 1674 pererrat

271 1729 467 1816 Naturam
484 1755 629 1837 renum,
655 1728 860 1842 versatque
875 1758 946 1840 per
959 1731 1095 1814 omnia
1108 1757 1309 1834 mentem;

270 1896 373 2009 Qis
388 1899 501 1984 rebus
517 1896 655 1983 dexter
671 1895 823 2004 modus,
848 1919 918 1981 aut
936 1925 1022 2010 quae
1043 1899 1177 1982 mollia
1193 1897 1303 1982 fandi

238 2111 241 2120 =
270 2062 495 2176 Tempora:
524 2083 732 2152 vertuntur
747 2063 892 2174 species
912 2068 952 2152 in
970 2067 1131 2176 pedore
1147 2065 1265 2151 mille.
1323 2119 1325 2124 -

268 2232 360 2315 Nec
378 2261 503 2340 mora,
516 2261 590 2319 nec
603 2232 777 2345 requies;
804 2232 925 2318 dubio
943 2232 1138 2317 sententia
1153 2233 1275 2346 {urgit
1389 2269 1448 2331 ⁴3·

268 2401 397 2486 Multa
410 2403 559 2510 animo,
578 2401 778 2514 variatque
787 2447 799 2502 3
828 2429 966 2488 omnes
983 2401 1226 2486 convertitur
1242 2425 1383 2509 anceps

268 2571 318 2652 In
332 2568 466 2680 faciet,
490 2569 688 2682 nescitque
709 2569 830 2653 etiam
844 2569 1052 2675 notiffima,
1075 2579 1117 2654 δε
1133 2566 1255 2652 haeret

269 2740 498 2824 Attonitus:
528 2763 632 2823 nunc
649 2739 772 2821 multa
790 2739 974 2842 animum,
995 2764 1098 2820 nunc
1111 2734 1277 2820 consulit
1295 2760 1418 2838 aures,

270 2907 409 2989 Secum
426 2927 561 2992 mente
578 2903 731 3016 agitans
746 2903 854 3014 siqua
871 2905 965 2987 olim
981 2903 1112 2986 audita
1125 2903 1321 2987 recursent

269 3073 420 3179 Sponte
432 3073 518 3170 sua;
534 3082 577 3157 δε
589 3095 804 3153 memorem
816 3091 988 3153 mentem
999 3072 1157 3174 excitat,
1177 3089 1259 3182 atq;
1272 3071 1445 3180 repostas

268 3235 477 3324 Tlrefituris
492 3235 691 3348 depromit
707 3263 818 3346 opes,
841 3237 1025 3350 laetusque
1042 3235 1184 3320 laboris

269 3405 355 3513 Ipse
372 3407 427 3492 sui
441 3425 558 3520 parto
574 3405 737 3489 fruitur:
767 3405 890 3490 multa
912 3418 1024 3490 ecce!
1041 3423 1204 3514 repente

268 3577 365 3656 Fors
382 3575 543 3685 inopina
556 3574 683 3685 aperit
704 3574 915 3680 constanti,
937 3553 1120 3684 aliudque
1138 3572 1305 3683 putanti.

268 3743 436 3852 Jamque
450 3741 546 3848 haec,
563 3743 719 3853 jamque
733 3741 797 3824 illa
812 3759 997 3843 attentat,
1011 3741 1184 3851 texitque
1197 3739 1430 3852 retexitque,

268 3915 321 3992 Et
338 3909 451 3993 variis
467 3907 673 3994 indefeffus
690 3907 895 3993 conatibus
918 3906 1046 4025 instat.
1388 3943 1445 4002 «ο

269 4081 380 4190 Saepe
396 4076 544 4163 etenim
560 4093 769 4160 occurrunt
786 4074 893 4160 haud
905 4049 1014 4160 dieti
1027 4075 1175 4180 mollia,
1197 4073 1267 4158 ubi
1280 4073 1405 4160 haeret

268 4243 373 4330 Cura
388 4243 467 4356 diu,
497 4245 698 4357 multoque
714 4243 887 4330 exercita
903 4241 1023 4330 corda
1037 4243 1185 4329 labore.

1326 4413 1450 4501 Nune
