3138 5142
292 355 369 412 uo
521 333 703 412 Manet
729 331 1032 414 Hseaouumt
1057 321 1198 411 Vson

286 543 441 630 Scilicet
458 541 653 666 adueniet,
680 571 754 630 nec
770 542 854 629 sera
871 537 1088 626 morabitur
1105 555 1216 647 aetas,

289 711 393 797 Cum
408 731 450 798 te
468 711 651 798 mortales
670 711 789 826 vulgo
805 735 877 820 per
892 705 1054 818 templa,
1082 733 1155 818 per
1173 735 1258 792 aras
1409 737 1472 793 rso

290 879 377 964 Ore
390 879 545 988 sonent,
571 878 808 990 humilesque
825 890 969 960 vocent
985 871 1029 956 iu
1043 891 1152 982 vota,
1177 875 1313 988 tuique

130 1157 134 1166 Ι
290 1046 475 1132 Nominis
491 1045 650 1160 obJeetu
665 1041 834 1157 supremi
851 1040 1015 1126 numinis
1033 1040 1109 1125 iras

292 1211 516 1324 Plecabunt,
543 1213 787 1326 statuentque
804 1229 872 1294 tuo
888 1205 939 1292 de
956 1207 1117 1292 nomine
1138 1209 1298 1320 templa.

292 1382 418 1488 Spero
432 1380 612 1493 equidem
626 1400 739 1494 pater
753 1377 1005 1486 omnipotens
1024 1395 1092 1458 tua
1110 1375 1272 1460 nomina
1285 1375 1337 1460 ab
1352 1375 1441 1462 alto

292 1545 440 1636 Audiet
458 1547 509 1633 ad
526 1549 712 1634 tumulum
728 1562 911 1642 orautcs;
938 1563 997 1649 tu,
1015 1563 1112 1629 vota
1127 1541 1353 1652 secundans,
1413 1571 1469 1642 185

293 1713 396 1828 Qae
411 1743 492 1800 non
507 1712 682 1800 humanis
699 1713 853 1824 opibus,
881 1739 965 1796 non
979 1712 1125 1796 artibus
1145 1707 1230 1794 ullis

293 1879 468 1968 Consieri
484 1883 652 1996 possunt,
680 1881 827 1967 ommis
845 1879 1073 1963 mirantibus
1092 1875 1184 1962 edes
1193 1922 1208 1978 ς

294 2053 348 2133 Et
367 2049 517 2134 tabulas
533 2047 683 2158 templo
699 2047 884 2131 testantes
901 2047 1036 2133 omnia
1049 2046 1182 2159 figent.

294 2216 464 2326 Jamque
480 2213 590 2327 hujus
605 2213 702 2299 mihi
719 2213 846 2300 neseio
860 2211 954 2325 quid
971 2211 1134 2297 rumoris
1150 2211 1201 2297 ad
1212 2238 1326 2299 aures

293 2381 433 2493 Repit,
459 2392 501 2470 &
517 2379 617 2468 hanc
633 2381 675 2466 in
691 2379 798 2494 spem
812 2382 953 2468 vicinas
968 2379 1086 2493 erigit
1100 2379 1227 2467 urbes.
1412 2417 1471 2481 ¹90

296 2545 408 2632 Illum
427 2550 656 2635 carminibus
675 2577 740 2633 me
753 2553 794 2634 in
810 2547 933 2634 secula
947 2545 1052 2634 mille
1061 2547 1213 2660 juvabit

295 2717 466 2802 AEternis
486 2718 636 2829 aperire
655 2717 773 2823 diem,
799 2714 984 2828 sacrisque
1007 2713 1139 2799 dicare

296 2882 452 2992 Annua,
482 2913 569 2998 quae
586 2883 659 2971 seri
677 2884 876 2970 celebrent
891 2902 984 2968 toto
1001 2883 1099 2974 orbe
1119 2903 1296 2994 nepotes.

295 3051 453 3134 Interea
469 3051 563 3136 mihi
577 3053 726 3136 sanstus
739 3049 829 3155 eris,
857 3049 952 3136 mihi
970 3047 1099 3134 fuderis
1118 3051 1236 3134 instar

296 3213 484 3324 AEtherei,
511 3215 1469 3332 undemeaeveniatluxplurimanotsti.125

295 3382 462 3494 Jamque
477 3382 578 3468 adeo
595 3385 745 3498 magnis
759 3413 945 3499 magnum
960 3383 1077 3469 decus
1090 3381 1228 3470 addite
1245 3383 1373 3493 Divis,

296 3549 388 3661 Jam
399 3550 500 3636 votis
518 3548 721 3635 hominum
742 3553 965 3657 assuescens,
982 3554 1180 3656 Gutum,
1195 3550 1344 3658 vocari,

297 3719 348 3797 In
366 3718 500 3803 melius
515 3717 619 3802 flesti
634 3719 778 3830 coeptis
796 3747 847 3803 ne
864 3717 986 3802 defice
1006 3721 1144 3803 rebus:

297 3885 365 3987 Et,
381 3910 602 3998 quanquam
619 3913 691 3970 nos
708 3913 815 3968 arma
833 3902 1027 3996 premant,
1047 3881 1240 3996 hostisque
1254 3883 1445 3996 superbus
1531 3903 1534 3912 '

296 4048 435 4134 Vimor
449 4078 570 4135 ovans
587 4054 685 4136 saevo
700 4052 851 4136 nostros
864 4069 969 4134 terat
986 4050 1155 4162 undique
1170 4050 1290 4158 besso,
1413 4089 1472 4131 ιω

295 4217 349 4296 Et
364 4214 532 4324 pulchrae
552 4218 673 4302 Italiae
692 4216 906 4324 immineat,
927 4215 1112 4331 sacrisque
1132 4218 1329 4331 Qiritum

1362 4391 1473 4468 Moe·
