3170 5150
259 379 523 467 Errs'ronn
552 405 615 464 uo
643 378 682 492 J.
705 381 842 464 Mur.
870 375 1179 467 Grsnnnuir.
1225 383 1307 500 '105

138 595 284 684 Invidit
299 597 520 684 libertatem
538 593 621 682 sors
638 594 877 684 invenienti

139 765 277 876 Itnb'n,
303 764 442 852 invidit
459 785 617 878 partum
632 763 769 850 decus:
798 763 928 850 omnis
943 763 988 850 in
1003 759 1073 850 iiio

141 935 237 1045 Spes
253 961 355 1046 pene
366 932 555 1037 exonera,
581 943 623 1019 dc
638 933 807 1018 moriens
822 930 950 1024 secum
965 933 1100 1018 omnia
1115 931 1257 1024 vertit!
1271 967 1310 1034 m

141 1097 209 1183 Tu
228 1117 360 1184 tamen
376 1102 528 1186 interea
543 1117 672 1204 tanto,
690 1101 942 1204 Grsnurr,
964 1095 1108 1207 dolori,
1129 1065 1133 1074 ’

141 1264 247 1350 Tam
257 1241 362 1380 justo
378 1269 536 1378 parced
555 1267 719 1380 gemitu,
743 1275 785 1351 dc
800 1262 982 1348 moruba
999 1283 1132 1350 tecum

143 1431 266 1522 Versa
281 1432 428 1540 auimo,
454 1433 664 1546 cautusque
674 1432 747 1518 viae
762 1449 804 1514 te
819 1427 936 1516 erede
953 1428 1121 1541 periclis,

143 1599 235 1682 Nec
250 1599 322 1684 tibi
342 1621 424 1686 tarn
438 1600 522 1686 vilis
537 1599 630 1685 vitae
645 1599 694 1685 fit
709 1595 815 1682 fabia
832 1594 989 1708 cupido.

146 1765 324 1854 Forfitan
339 1777 395 1873 ὅτ,
419 1764 523 1878 siqua
536 1765 593 1850 est
606 1760 821 1862 benefiffls
836 1763 977 1878 gratia,
998 1777 1039 1853 δε
1057 1763 1218 1881 usquam
1277 1805 1316 1866 ις’

147 1933 308 2018 Praemia
323 1935 411 2020 sunt
428 1933 533 2019 laudi
552 1931 632 2038 sua,
658 1957 771 2046 reges
788 1929 937 2016 advena
953 1933 1099 2022 amieos

149 2100 341 2208 Invenies,
368 2123 437 2186 tua
451 2129 593 2216 magua
611 2099 750 2211 quibus
765 2047 961 2184 notiffidm
978 2100 1113 2186 virtus.

149 2268 219 2351 Ne
236 2289 368 2352 tamen
385 2269 413 2350 ό
428 2266 577 2353 dulcem
592 2267 799 2352 Ausoniam
816 2265 1040 2380 regionibus
1053 2269 1136 2354 ullis

149 2431 396 2542 Posthabeas,
423 2457 551 2550 caram
569 2459 668 2520 neve
683 2432 907 2521 obliviscere
923 2436 1114 2520 Romam:

153 2599 309 2710 Rumpe
325 2627 453 2685 moras
471 2627 622 2706 omnes,
650 2613 691 2687 δε
707 2601 803 2686 ceris
821 2597 985 2684 reddere
1003 2599 1147 2686 amicis.
1279 2639 1318 2696 40

154 2763 242 2873 Ipse
261 2785 371 2852 tuum
387 2767 595 2876 expeuans
609 2765 776 2850 reditum
789 2765 849 2850 his
868 2767 909 2848 in
923 2766 1122 2880 montibus
1140 2791 1225 2853 aras

154 2931 381 3015 Muneribus
396 2932 551 3017 cumulo
567 2934 730 3045 magnis,
755 2929 1033 3044 Nymphasque
1049 2955 1226 3045 precatus

155 3097 351 3182 Omnibus
367 3098 516 3182 intasto
532 3125 659 3184 voveo
674 3099 724 3184 de
742 3099 840 3184 flore
855 3123 1033 3182 coronas.

160 3267 202 3349 O
221 3264 328 3348 illum
351 3264 446 3348 mihi
468 3263 496 3348 si
514 3265 732 3350 concedant
751 3290 909 3350 cernere
928 3264 1051 3350 amca

160 3430 272 3516 Astra
288 3423 406 3534 diem,
432 3459 518 3515 cum
538 3451 581 3516 tu
605 3432 788 3517 extremis
806 3429 902 3516 mihi
923 3429 1094 3518 redditus
1111 3431 1192 3519 oris
1286 3471 1322 3530 ⁴5

160 3596 347 3681 Narrabis
367 3598 568 3710 moresque
589 3596 803 3705 hominum,
828 3593 976 3680 diversa
990 3597 1244 3714 locorumque

162 3765 339 3876 Ingenia,
367 3786 481 3875 atque
500 3761 680 3848 exhausta
695 3766 765 3848 viae
779 3790 1012 3876 quaecunque
1028 3765 1188 3876 pericia!

168 3931 208 4014 Si
227 3957 321 4012 vero
342 3951 434 4012 ante
452 3951 542 4014 tuos
559 3927 705 4014 reditus
725 3957 788 4012 me
806 3954 973 4040 corpore
989 3927 1071 4018 fata

165 4095 358 4183 Exolvent
375 4095 460 4200 isto,
487 4095 564 4180 fert
580 4117 623 4178 ut
640 4096 810 4210 presaga
827 4093 920 4180 mibi
937 4123 1061 4203 mens,

165 4267 274 4350 Dum
293 4261 494 4370 defiderio,
522 4287 744 4376 magnoque
766 4262 934 4347 absentis
951 4289 1083 4350 amore
1238 4257 1242 4264 ’
1298 4305 1334 4363 ,ο

848 4431 890 4512 O
1254 4429 1333 4514 Ta-
