3172 5140
391 343 793 423 Ponrrcouuru
845 337 954 420 Lrn.
981 343 1015 420 1.
1254 369 1302 426 21

117 566 200 644 Per
214 555 441 668 mediasque
461 553 738 661 acimundum,
760 566 803 641 &
816 555 919 640 bella
938 555 1145 644 lacessunt?

19 730 22 823 Ι
120 732 185 812 At
203 727 298 838 quia
310 723 407 808 dura
422 743 559 810 vetant
571 723 732 837 longum
747 749 820 808 nos
836 723 918 808 fata
931 723 1077 808 morari

121 901 178 976 In
194 895 359 1000 cunffis,
382 911 618 1003 revocatque
638 890 784 1002 angusti
802 893 987 975 terminus
1005 895 1090 1000 aevi,

123 1067 216 1148 vos
234 1059 294 1142 sat
306 1061 396 1163 erit,
421 1059 544 1168 pueri,
564 1077 717 1140 tantum
735 1087 873 1144 omnes
886 1060 953 1144 iffe
967 1087 1040 1169 per
1055 1079 1172 1167 artes,
1254 1095 1311 1152 400

126 1231 313 1338 Qarum
336 1229 485 1311 summa
500 1225 608 1336 sequi
623 1225 759 1320 saltem
778 1225 931 1338 fastigia
944 1245 1121 1336 oportet.

128 1399 227 1480 Nec
243 1396 364 1478 refert
381 1369 466 1476 rate
483 1393 551 1506 qui
564 1393 688 1476 varias
704 1395 800 1505 legit
824 1395 991 1512 aequoris
1004 1421 1109 1501 oras,

131 1565 283 1646 Mettis
299 1582 346 1649 nt
367 1562 407 1646 in
424 1561 590 1670 patriam
610 1558 756 1646 referat
771 1561 811 1646 se
827 1561 935 1646 dives
956 1563 1113 1672 opima,

16 1769 17 1840 t
136 1729 179 1814 si
196 1757 281 1812 non
297 1729 437 1814 cuncta
449 1727 571 1812 oculis
586 1727 802 1813 lustraverit
818 1728 965 1841 oppida
978 1731 1128 1842 paffim,

14 1846 19 1983 i
135 1905 193 1982 Et
207 1893 442 1981 circumfusrs
456 1897 617 2009 longum
633 1918 735 1982 terat
748 1897 832 1981 otia
848 1900 983 1984 terris:
1256 1925 1310 1987 ⁴05

139 2067 210 2147 Sat
230 2063 350 2148 fuerit
366 2083 518 2172 portus,
544 2083 798 2175 extremaque
817 2064 951 2150 littora
967 2085 1119 2162 tantum

138 2230 384 2341 Exploraffe:
414 2229 517 2316 secus
536 2249 627 2316 toto
645 2255 764 2344 vagus
782 2231 915 2314 enulet
929 2259 1027 2340 aevo,

140 2406 195 2484 Et
211 2400 315 2483 serus
328 2417 444 2482 natos
459 2398 604 2504 dulces,
630 2399 873 2510 patriamque
890 2399 1039 2484 reviset.

140 2567 263 2654 Nulla
282 2563 364 2652 dies
386 2585 519 2650 tamen
534 2567 701 2672 interea,
728 2565 802 2646 tibi
825 2565 1061 2650 nullaabeat
1074 2589 1170 2669 nort,
1313 2534 1316 2538 .

140 2733 255 2844 Qu
272 2731 418 2844 aliquid
430 2753 562 2819 vatum
580 2733 775 2818 sacrorum
795 2731 1008 2816 efontibut
1027 2729 1138 2816 almis
1259 2757 1317 2817 tro

141 2897 341 3006 Hauseris,
359 2926 405 2985 ac
420 2899 572 2987 dulcem
588 2901 706 2986 labris
724 2899 943 2986 admoveris
959 2926 1127 2986 amnem.

140 3065 222 3152 Sed
237 3067 309 3152 tibi
330 3069 742 3180 praesertimprinceps
765 3089 858 3156 tunc
881 3067 1029 3154 haereat
1047 3067 1112 3154 illa

143 3235 251 3318 Cura
267 3236 412 3342 animo,
436 3237 594 3322 nomem
613 3259 731 3350 atque
746 3236 850 3322 diem
871 3255 911 3320 te
930 3257 971 3320 te
987 3236 1134 3320 excitet
1151 3261 1242 3341 una,
1321 3196 1323 3204 Ι

142 3405 322 3486 Omnem
336 3431 451 3514 quam
465 3426 629 3515 propter
646 3406 758 3490 libuit
770 3403 943 3516 perferre
958 3404 1145 3489 laborem.

217 3571 317 3654 Non
331 3567 395 3656 hic
411 3589 451 3654 te
464 3569 603 3682 quibus
620 3591 689 3656 aut
702 3571 864 3682 pedibus
882 3569 1058 3682 spatiisve
1076 3567 1249 3654 monebo
1265 3603 1316 3662 μς

142 3735 382 3822 Tenduntur
395 3737 502 3822 ducti
526 3740 675 3823 versus:
703 3739 816 3822 labor
831 3738 900 3822 iste
917 3759 1125 3852 regentum

144 3903 316 3988 Postulat
332 3901 437 3990 haud
449 3905 613 3992 multum
629 3933 745 4014 cure,
764 3906 831 4019 qui
846 3901 947 4016 saepe
960 3904 1156 3996 morando

146 4069 234 4179 Ipsa
248 4070 472 4158 minutatim
487 4075 619 4158 metiri
635 4075 805 4160 carmina
824 4075 939 4160 settis

147 4241 196 4322 In
211 4257 344 4350 partes
358 4240 556 4352 membris,
583 4254 623 4332 δι
643 4261 822 4354 tempora
841 4261 949 4330 certa
961 4239 1169 4326 docebunt.

1217 4405 1324 4488 Con-
