3172 5140
283 393 335 466 24
494 367 683 444 Manor
727 366 1057 444 Hrrnourur
1104 365 1244 448 Vron

354 576 535 664 Consiliis
552 575 673 662 etiarn
692 576 757 662 hic
773 577 926 683 nostris,
945 577 1143 688 vobisque,
1167 575 1370 684 docentes,

281 748 349 836 Est
367 745 527 832 monitis
545 769 663 854 opus:
693 745 861 858 ingeniis
879 773 969 830 nam
985 771 1145 856 parcere
1161 747 1283 831 multa

280 919 357 998 Fas
374 912 533 1018 teneris,
560 909 689 996 donec
705 912 891 1023 paulatim
908 913 1089 996 attollere
1105 911 1185 997 sese

282 1081 479 1192 Incipiam
498 1079 632 1187 animi,
649 1079 884 1190 videantque
898 1081 941 1164 in
957 1081 1128 1164 carmine
1143 1079 1271 1164 labem

281 1254 355 1333 Per
372 1246 412 1332 se
428 1247 512 1359 ipfi,
535 1259 575 1332 δι
592 1251 716 1334 tacito
732 1249 898 1333 rubeant
910 1249 1016 1332 ultro
1030 1276 1102 1332 ora
1117 1246 1279 1358 pudore.
1401 1283 1462 1340 ⁴70

281 1420 391 1503 Nam
408 1413 614 1502 maculassr
633 1413 738 1500 forte
754 1443 891 1500 omnes
908 1443 981 1528 per
993 1416 1165 1502 carmina
1178 1416 1369 1500 monstret

283 1582 610 1694 Qaefitorferus,
638 1585 820 1696 abjiciant
838 1583 944 1694 spem
959 1586 1330 1700 protinusomnem,

284 1755 416 1861 Atque
432 1749 523 1834 alias
540 1751 672 1833 animo
688 1751 819 1860 potius
835 1771 1037 1836 vertantur
1053 1751 1103 1834 ad
1120 1771 1235 1834 artes.

283 1917 473 2003 Nostrum
491 1917 610 2030 igitur
625 1917 651 2003 fi
666 1917 771 2002 forte
788 1916 903 2002 adeat
920 1945 1016 2028 puer
1031 1917 1165 2002 indole
1177 1913 1296 2003 limen

284 2085 466 2199 Egregia,
489 2107 533 2168 ut
550 2084 725 2168 consulta
738 2102 863 2196 petat,
881 2111 1020 2196 parere
1035 2105 1208 2196 paratus,
1404 2123 1459 2180 475

284 2253 445 2366 Qique
463 2252 557 2336 velit
576 2251 653 2336 sese
673 2253 836 2338 arbitrio
855 2255 1073 2364 supponere
1090 2255 1237 2374 nostro,

285 2421 485 2530 Excipiam
503 2419 695 2530 placidus:
724 2449 798 2505 nec
810 2449 874 2506 me
889 2423 1061 2538 juvenile
1076 2419 1228 2536 pigebit

286 2589 350 2677 Ad
369 2591 512 2674 coelum
530 2589 639 2673 vultu
656 2587 835 2677 limulato
849 2591 1038 2675 extollere
1057 2617 1215 2674 carmen

284 2757 496 2861 Laudibus,
522 2758 756 2842 &stimulos
776 2785 890 2878 acres·
904 2759 974 2842 sub
988 2759 1151 2868 pectore
1167 2759 1297 2872 figam.

285 2928 376 3011 Post
391 2947 523 3009 tamen
539 2943 583 3004 ut
598 2923 720 3004 multa
739 2923 805 3030 spe
820 2945 994 3006 mentem
1009 2925 1197 3007 arrexerit
1215 2921 1369 3029 ardens,
1405 2945 1465 3014 u·

287 3093 327 3175 Si
348 3091 434 3202 quis
449 3089 554 3171 forte
571 3086 695 3194 inter,
714 3087 832 3174 veluti
848 3086 897 3172 de
917 3091 1076 3174 vulnere
1093 3087 1264 3197 claudus,

286 3257 441 3345 Tardus
456 3276 522 3339 eat
537 3253 679 3361 versus,
707 3281 824 3366 quem
846 3256 1050 3344 nonvidet
1063 3257 1201 3343 inscius
1221 3258 1301 3368 ipse

285 3424 527 3536 Delulusque
539 3422 644 3508 sonis
656 3445 811 3508 teneras
828 3425 1026 3510 fallacibus
1039 3453 1163 3533 aures,

286 3593 405 3681 Haud
420 3591 590 3677 medicas
608 3573 907 3701 afferre'manus,
935 3619 1120 3708 aegroque
1134 3593 1283 3680 mederi

285 3761 542 3870 Addubitem,
564 3771 606 3848 &
619 3759 772 3873 semper
788 3764 951 3846 meliora
963 3762 1168 3848 ostendere
1184 3789 1357 3876 pergam.
1405 3783 1461 3856 4⁸5

358 3927 683 4044 Qodsuperest,
711 3932 831 4014 etiam
855 3959 1015 4041 moneo,
1033 3933 1247 4042 creberque
1262 3933 1438 4019 monebo

266 4127 270 4134 ·
286 4103 354 4186 Ne
367 4095 566 4212 quisquam
585 4097 653 4181 nisr
671 4124 861 4207 curarum,
888 4100 1063 4210 liberque
1078 4099 1255 4183 laborum

286 4269 453 4356 Inchoet
468 4264 669 4380 egregium
685 4267 903 4381 quicquam,
930 4295 1064 4360 verum
1081 4270 1218 4379 procul
1232 4271 1338 4364 urbis
1442 4311 1445 4322 ·

1389 4441 1467 4529 At-
