3172 5140
275 367 325 442 5²
496 347 684 424 Mirer
717 341 1047 424 Hruxuurmr
1083 341 1224 425 Vrun

183 633 185 638 .
274 553 532 642 Telemachus
548 553 675 666 supru,
700 553 829 638 senior
847 555 1037 640 stNestor
1050 553 1157 640 inani

275 721 457 807 Gaudeat
474 733 514 808 δι
529 719 635 828 ludo,
662 733 703 808 ει
716 722 884 828 cunibus,
909 721 1070 833 pietiste
1087 722 1290 834 pharetris.

189 991 195 1000 ¹
273 897 329 976 Et
347 891 531 1002 quonium
546 891 589 974 in
600 887 736 972 nostru
754 889 867 972 multi
887 887 1057 1000 persepe
1072 889 1283 1000 loquuntur

276 1057 475 1163 Carmine,
501 1057 619 1142 verba
634 1055 707 1140 illis
722 1081 797 1166 pru
812 1055 1041 1140 conditione
1056 1057 1226 1142 virutum

275 1228 359 1308 Aut
375 1251 505 1310 rerum
521 1225 667 1330 damur,
695 1231 737 1310 &
755 1225 902 1335 proprii
920 1225 1143 1308 tribuuntur
1159 1223 1344 1326 honores,
1389 1257 1447 1313 4⁷·

277 1391 432 1504 Cuique
448 1393 546 1500 suus,
572 1390 638 1476 seu
654 1419 751 1497 mas,
776 1391 842 1475 seu
857 1387 1038 1496 frumine,
1055 1391 1130 1475 five
1145 1395 1255 1474 Deus
1271 1389 1329 1474 [it.

278 1563 441 1670 Semper
452 1559 558 1643 enim
567 1555 734 1642 summus
743 1559 888 1642 Dirum
901 1579 1153 1672 pereuntque
1166 1555 1368 1642 huminum
1380 1583 1448 1640 rex

277 1726 364 1836 Ipse
380 1727 421 1811 in
438 1726 605 1812 concilio
625 1719 745 1828 futur,
770 1723 799 1806 fi
816 1725 920 1808 forte
938 1746 1078 1810 coortu

280 1891 443 1997 Seditio,
464 1893 612 2002 paucis:
642 1913 684 1972 at
701 1919 783 1974 non
798 1899 929 1980 Venus
947 1919 1065 1977 turea
1078 1913 1218 1974 contra
1276 1881 1284 1900 ’

277 2064 400 2142 Pauca
413 2057 547 2164 refert,
573 2061 769 2144 Teucrum
790 2057 971 2172 indiguos
990 2059 1170 2144 miserata
1186 2057 1349 2142 labores.
1392 2094 1447 2152 m

279 2227 505 2338 Ingreditur
521 2227 643 2336 firriis,
670 2245 786 2338 atque
800 2224 880 2310 alta
900 2225 1046 2310 filentia
1065 2225 1225 2336 rumpit,

280 2395 381 2476 Acta
397 2396 529 2478 surore
546 2395 668 2508 gravi,
686 2397 806 2508 Junu,
833 2421 878 2480 ac
896 2395 999 2478 foeta
1013 2393 1132 2505 usque
1148 2393 1327 2506 querelis.

277 2561 459 2674 Cumque
478 2565 598 2648 etiam
612 2563 746 2676 juveni
763 2563 899 2676 gliscat
913 2563 1100 2648 violentia
1115 2565 1253 2674 major,

280 2730 435 2814 Ardens
450 2733 510 2815 cui
525 2732 660 2838 virtus,
688 2731 910 2842 animusque
925 2733 965 2814 in
985 2733 1146 2840 peuooe
1162 2727 1342 2837 presens,

279 2895 402 2980 Nulla
417 2925 528 2980 mora
543 2900 584 2980 in
598 2897 755 2998 Turno,
771 2923 845 2978 nec
859 2895 965 2976 dicta
985 2897 1156 2978 animosa
1172 2902 1453 2988 retractavero

280 3065 368 3142 Stat
383 3061 563 3144 conferre
584 3085 756 3162 manum,
783 3070 824 3144 &
839 3061 1051 3144 certamine
1074 3083 1264 3167 provocat
1287 3065 1453 3172 hostem,

279 3227 534 3312 Desertorem
549 3225 667 3312 Afiae:
696 3251 829 3310 verum
845 3245 1035 3338 quantum
1054 3227 1116 3312 iile
1129 3223 1253 3314 feroci
1393 3233 1396 3240 ’

279 3393 436 3482 Virtute
459 3414 657 3508 exuperat,
686 3413 801 3478 tanto
821 3395 877 3480 est
895 3395 1099 3505 impenfius
1115 3425 1269 3510 aequum

278 3567 333 3645 Et
348 3561 496 3672 pietate
515 3591 686 3678 gravem,
714 3573 755 3656 δι
770 3565 906 3649 sedato
921 3563 1038 3650 corde
1057 3567 1238 3650 Latinum
1288 3595 1291 3602 ’

281 3727 625 3845 Consuler·e,atque
636 3757 773 3816 omnes
782 3753 1023 3818 metuentem
1034 3732 1253 3843 expendere
1265 3733 1382 3818 casus.
1396 3755 1451 3828 4⁸5

279 3895 449 3980 Multum
468 3899 588 3982 etiarn
604 3899 795 4003 intererit,
823 3899 984 3984 Didune
1001 3900 1100 3984 irata
1120 3901 1317 4012 loquatur,

280 4067 344 4148 An
360 4085 501 4174 pacato
517 4066 670 4165 animm
698 4065 860 4171 Libycas
876 4065 1091 4178 filinquere
1104 4087 1227 4151 terras

279 4232 475 4345 Troianus
497 4254 624 4345 paret,
651 4245 693 4320 &
717 4229 913 4319 desertum
930 4233 1064 4322 fallere
1079 4262 1269 4342 amorem,

1379 4407 1456 4485 Sae-
