3170 5150
472 376 633 478 ΝΜ,
673 381 888 456 Ecsooa
915 379 1013 506 ΙΙΙ..
1251 405 1323 456 ror
1367 380 1371 389 '

127 555 131 562 ⁴
156 591 254 672 Una
271 589 485 700 eademque
502 589 578 694 die,
594 613 722 676 tecum
738 591 872 674 omnia
888 617 973 700 quae
986 589 1108 673 modo
1121 612 1277 675 montes
1291 625 1329 680 4ο
1402 699 1405 708 ‚
1443 667 1445 674 ,

158 755 384 838 Cantabant
402 756 485 866 ipfi,
512 758 702 842 Davalum
719 759 852 841 omnia
867 756 1166 866 respondebant.

64 961 66 964 ’
157 921 273 1004 Alma
291 922 398 1008 suum
416 921 479 1008 hic
500 945 630 1008 tecum
648 953 730 1008 non
746 883 980 1036 dedignetur
996 924 1157 1014 Adonin
1227 987 1232 1000 ·

157 1087 272 1170 Flere
291 1097 438 1194 Venus,
469 1111 674 1200 tecumque
690 1089 774 1173 suas
789 1091 935 1174 sociare
952 1053 1140 1204 querelas

158 1253 248 1363 Ipse
268 1277 401 1340 autern
420 1255 572 1338 interea
582 1258 693 1367 juxta
706 1258 901 1371 projedius
919 1257 960 1340 in
975 1257 1096 1341 herba

158 1421 354 1534 Infignem
372 1421 567 1506 calathum
583 1423 654 1504 tibi
665 1424 786 1537 junco
812 1422 1011 1507 &vimine
1028 1446 1172 1528 texam,
1293 1457 1328 1538 ⁴5

158 1595 212 1672 Et
228 1609 357 1673 totum
375 1589 482 1672 miris
501 1617 661 1704 pergam
680 1590 827 1674 variare
846 1590 989 1703 figuris.

158 1756 306 1840 Primus
323 1757 399 1839 erit
414 1755 526 1840 labor
544 1755 621 1864 hic,
645 1756 812 1866 primum
827 1758 891 1842 hic
908 1781 1041 1842 tamen
1059 1776 1332 1872 argumentum

161 1924 351 2036 Conjugis
372 1923 534 2008 extindti
549 1919 677 2028 fimus,
705 1924 919 2008 miserabile
934 1925 1063 2031 funus,

160 2091 269 2172 Dtun
289 2093 465 2200 queritur
480 2092 520 2174 se
537 2121 620 2178 non
638 2093 756 2199 bello,
782 2121 866 2176 non
882 2093 1049 2180 fortibus
1068 2097 1183 2180 annis

161 2261 382 2366 Oppetere,
404 2281 444 2341 at
458 2261 569 2342 lento
586 2259 770 2369 paulatim
787 2259 926 2342 cedere
942 2263 1095 2346 morbo.
1295 2291 1332 2348 το

161 2421 290 2504 Pallor
308 2427 384 2509 erit
404 2425 536 2540 gelido
547 2424 699 2537 juvenis
718 2425 920 2510 morientis
941 2429 981 2509 in
997 2457 1082 2535 ore,

161 2597 215 2678 Et
230 2585 365 2675 senfim
381 2591 532 2701 placida
545 2591 773 2675 claudentur
791 2590 938 2675 lumina
951 2617 1091 2677 morte.

117 2685 160 2836 ‘s
161 2752 303 2838 Addua
320 2786 439 2870 aquas
451 2759 563 2870 juxta
578 2756 740 2840 frondet
755 2758 1000 2843 maestiffimus
1017 2788 1125 2864 urna,
1255 2761 1257 2766 '

161 2929 217 3006 Et
237 2921 471 3010 circumfirsae
485 2915 659 3024 fundent
676 2908 742 3009 sua
760 2927 921 3035 pestora
937 2926 1135 3037 Nymphae

164 3094 400 3204 spargentes
414 3092 539 3176 stratis
552 3092 708 3198 violam,
726 3093 972 3206 maestumque
991 3091 1269 3201 Hyacinthum.
1300 3125 1332 3184 55

162 3259 395 3360 Exanimum
411 3259 710 3344 circumstabunt
735 3262 921 3376 regesque
938 3262 1128 3375 ducesque
1238 3363 1240 3370 Ι

161 3432 389 3532 Maerentes‚
409 3427 594 3536 largoque
609 3425 813 3510 undabunt
828 3429 962 3510 omnia
978 3429 1085 3512 fletu.

162 3598 278 3675 Parte
293 3548 368 3675 ilia
380 3591 544 3675 heroum
561 3591 692 3674 multis
710 3593 987 3677 comitantibus
1007 3595 1148 3679 addam

163 3765 348 3872 Longum
360 3761 436 3843 iter
454 3760 659 3872 ingreffam
676 3781 732 3864 te,
758 3757 788 3843 sr
803 3759 910 3870 quod
927 3787 1074 3846 numen
1089 3758 1212 3844 eunti

164 3927 354 4038 Conjugis
373 3929 554 4011 annuerit
572 3929 650 4010 cari
666 3924 880 4037 producere
895 3921 988 4010 fata
1300 3945 1339 3998 ⁶⁰

19 4181 37 4194 ,
165 4093 281 4204 Qos
298 4121 379 4175 non
400 4094 552 4177 interea
566 4095 693 4178 Divos
710 4095 752 4178 in
767 4114 859 4176 vota
876 4095 1054 4179 vocabis?

165 4261 275 4372 Qas
293 4289 376 4346 non
393 4263 618 4348 muneribus
633 4261 844 4352 cumulabis
864 4261 1071 4376 grandibus
1092 4268 1202 4344 aras?

1187 4429 1339 4511 Omnes
