3172 5140
209 335 256 428 3⁸
418 329 605 408 Meter
648 327 977 408 Htettourut
1023 325 1162 410 Vruu

203 539 352 624 Omine
370 539 538 625 turbavit
552 559 740 650 mentem,
764 539 1046 652 admonuitque
1060 535 1193 624 firturi.

202 709 309 794 Hinc
320 707 394 793 tibi
406 727 560 819 tempus
569 709 812 821 cummagno
820 735 909 794 cum
918 705 1114 818 optaveris
1125 725 1303 818 emptum
1317 741 1372 802 ur

202 877 402 962 lutatium
414 873 600 980 Peliam,
627 887 669 960 δε
684 903 770 960 cum
785 873 1035 986 spoliaturea
1050 872 1170 958 baltei

204 1041 364 1146 oderis,
390 1061 510 1154 atque
526 1041 600 1126 tibi
617 1039 720 1126 haud
731 1039 845 1126 stabit·
862 1039 1026 1124 victoria
1039 1067 1174 1150 parvo.

202 1211 312 1294 Nam
324 1209 436 1324 juvat
452 1207 537 1294 haec
552 1205 656 1320 ipius
670 1209 775 1292 inter
787 1205 971 1317 praesciffe
991 1206 1183 1320 legentes,

203 1375 395 1487 Qamvis
412 1376 489 1464 fint
501 1389 543 1464 &
558 1376 685 1463 adhuc
696 1371 875 1482 'confitsm
900 1387 942 1462 tt
960 1375 1092 1459 nubile
1105 1399 1238 1484 porro.

201 1541 320 1627 Haud
338 1543 451 1628 aliter
467 1545 679 1656 longinqua
692 1543 796 1652 petit
810 1544 879 1655 qui
900 1542 1005 1627 forte
1023 1544 1152 1628 viator
1318 1577 1373 1638 150

201 1707 373 1814 Moenia,
399 1705 586 1817 fipofitas
603 1709 693 1792 aitis
706 1708 749 1790 in
765 1708 927 1792 collibus
945 1737 1053 1795 arcer

202 1875 323 1958 Nunc
339 1874 460 1958 etiam
476 1872 611 1959 dubias
629 1875 750 1960 oculis
768 1874 888 1981 videt,
914 1877 1052 1986 incipit
1073 1876 1179 1963 ultro
1213 1867 1216 1876 ’

201 2041 349 2126 Laetior
367 2043 423 2126 ire
437 2043 553 2150 viam,
580 2038 849 2154 placidumque
868 2067 1006 2156 urgere
1021 2045 1211 2152 laborem,

200 2207 335 2316 Qum
350 2209 641 2322 cumnusquam
660 2207 748 2291 uilae
764 2229 989 2317 cernuntur,
1013 2241 1108 2324 quas
1123 2211 1220 2317 adit,
1247 2235 1370 2318 arces,

201 2373 421 2462 Obscurum
439 2377 598 2482 sediter
616 2375 745 2462 tendit
760 2376 996 2464 convallibus
1009 2380 1109 2462 imis.
1315 2415 1368 2474 ur

271 2542 414 2659 Tuque
429 2543 522 2632 ideo
537 2543 608 2631 niu
621 2563 755 2630 mente
769 2545 889 2657 prius,
915 2543 986 2630 nist
1000 2545 1162 2654 pectore
1180 2562 1272 2630 toto

200 2709 351 2796 Crebra
370 2714 495 2828 agites
513 2713 773 2826 quodcunque
788 2716 908 2820 canis,
934 2732 1141 2821 tecumque
1153 2711 1371 2822 premendo

199 2877 351 2964 Totum
366 2910 466 2993 opus
483 2879 663 2982 edifices,
678 2880 897 2990 iterumque
917 2879 1134 2992 iterumque
1153 2881 1355 2985 tetrastes,

199 3043 420 3128 Laudatum
435 3043 594 3130 alterius
609 3041 750 3128 frustra
767 3043 958 3129 mirabere
973 3073 1141 3130 carmen.

270 3213 360 3296 Nec
377 3230 418 3297 te
432 3209 514 3297 fors
528 3213 690 3323 inopina
705 3227 831 3322 regat,
857 3208 1036 3324 casusque
1053 3213 1270 3299 labantem:
1315 3243 1369 3295 ιω

199 3377 348 3462 Omnia
366 3379 530 3466 consiliis
546 3379 714 3491 provisa,
740 3377 952 3490 animoque
970 3378 1118 3462 volenti

199 3543 340 3629 Certus
356 3575 443 3661 age,
470 3576 515 3632 ac
528 3545 685 3670 semper
700 3565 797 3629 nutu
815 3545 978 3630 rationis
994 3567 1090 3632 eant
1104 3574 1178 3632 res.

197 3711 527 3824 Qandoquidem
545 3714 645 3823 saepe
662 3711 802 3838 ineerti
818 3711 908 3816 huc,
936 3713 1099 3826 illucque
1114 3741 1311 3828 vagamur,

197 3884 321 3988 mque
339 3880 476 3964 211an
494 3880 577 3964 aus
597 3857 917 3977 invitt'rtuumur
935 3881 1035 3986 orsa,
1157 3865 1159 3870 ’

194 4047 302 4128 Dum
321 4049 440 4132 multa
457 4075 502 4131 ac
521 4045 672 4131 varians
688 4035 825 4132 animis
843 4047 1036 4131 sententia
1052 4047 1184 4162 surgit.
1312 4071 1364 4140 165

196 4219 306 4323 Saepe
325 4215 431 4302 vides
445 4215 577 4328 primis'
594 4233 638 4301 ut
656 4213 813 4324 quidam
828 4213 981 4326 longius
1000 4215 1094 4299 orsis

1297 4381 1366 4466 Di·
