3172 5140
277 353 332 458 4²6
507 359 683 438 Minor
721 355 1042 438 Hrnrournr
1081 355 1225 440 Vror

274 571 510 682 anquam
529 569 647 654 etiam
663 568 725 678 iric
742 568 880 654 nostris
893 595 1027 654 cernes
1047 567 1208 654 differre
1218 568 1412 685 Pelasgos.

276 739 383 821 Nam
399 738 471 822 tibi
487 766 570 822 non
584 735 757 822 referent
775 737 892 821 semet
909 737 963 826 illi
977 737 1126 821 somnia
1141 737 1326 824 Atridaer

154 867 161 884 .
273 905 363 988 Nec
385 904 443 988 sat
457 904 545 1010 erit,
562 905 591 990 fi
606 905 829 990 rettulerint
846 903 942 1018 quid
959 903 1074 988 fortis
1092 903 1261 990 Achilles
1320 885 1322 890 ’
1387 937 1446 999 330

272 1079 413 1156 Ment'e
432 1057 568 1158 dolens
584 1075 766 1158 Danaum
780 1070 860 1156 sese
877 1069 1102 1156 subduxerit
1116 1073 1247 1179 armis,

272 1237 360 1346 Ipse
375 1241 515 1324 iterum
533 1239 708 1328 AEacides
724 1235 793 1322 nisr
811 1235 895 1322 solo
911 1239 953 1324 in
970 1239 1106 1323 littore
1122 1238 1237 1351 ponti

273 1404 389 1490 Flens
404 1407 542 1492 eadem
560 1433 752 1520 aequoreae
764 1407 934 1492 narravit
946 1405 1079 1491 omnia
1094 1407 1222 1490 matti.

271 1574 380 1682 Qin
396 1577 516 1660 etiam
538 1603 652 1690 reges
668 1603 756 1660 cum
771 1573 870 1659 dant
884 1571 1069 1659 mandata
1082 1571 1244 1657 ferenda
1383 1607 1442 1669 irs

271 1740 426 1826 Cundta
440 1762 587 1824 canunt
605 1743 710 1850 prius
722 1739 805 1850 ipfi,
825 1740 962 1824 eadent
981 1767 1074 1825 mox
1086 1739 1257 1824 carmine
1269 1735 1412 1824 eodem

269 1907 372 1994 stiffi
389 1927 567 1992 oratores
580 1927 782 2018 repetunt,
810 1907 906 1992 nihil
921 1907 1059 1991 ordine
1077 1907 1200 1992 verso.

268 2073 367 2160 Non
383 2073 432 2158 fic
449 2075 640 2160 Ausonius
658 2075 843 2181 Venulus,
861 2075 1012 2188 legatus
1028 2073 1078 2158 ab
1090 2075 1207 2184 Arpis

268 2239 369 2328 Cum
384 2242 499 2350 redit,
527 2245 646 2329 AEtoli
663 2239 836 2329 referens
857 2243 1038 2355 responsa
1053 2243 1218 2348 tyranni.

342 2410 478 2495 Altum
491 2411 573 2495 aliis
593 2411 759 2526 affurgat
775 2439 896 2523 opus:
921 2431 965 2496 tn
980 2373 1113 2516 node,
1134 2409 1272 2524 dieque
1293 2465 1296 2472 -
1432 2439 1434 2444 ’

266 2561 458 2688 Exiguum
475 2579 700 2684 meditator,
727 2580 794 2662 ubi
818 2577 893 2666 smt
912 2579 1176 2686 omniaculta,
1382 2609 1440 2670 κο

265 2747 321 2848 Et
337 2744 493 2830 visenda
505 2749 616 2834 novis
633 2749 850 2862 iterumque
867 2749 1080 2868 iterumque
1097 2747 1240 2860 figuris.

265 2909 392 3023 Qod
410 2911 438 2994 sr
458 2912 661 3022 longarum
679 2911 789 2992 cordi
810 2915 933 3023 magis
954 2913 1081 3022 ampla
1098 2914 1246 2996 viarum
1288 2937 1293 2948 ·

264 3077 364 3158 Sunt
378 3075 513 3185 spatia,
541 3075 707 3188 angustis
725 3101 813 3157 cum
830 3101 891 3157 res
908 3075 981 3158 tibi
1008 3069 1145 3160 finibus
1161 3078 1282 3180 areta,

263 3245 312 3324 In
330 3240 491 3356 longum
511 3239 659 3326 trahito
680 3260 784 3323 arte:
814 3243 886 3327 viae
904 3243 975 3328 tibi
993 3241 1097 3327 mille
1115 3242 1309 3348 trahendi,

262 3405 375 3491 Mille
391 3407 517 3493 modi:
544 3437 634 3493 nam
648 3409 740 3495 fieta
755 3429 869 3518 potes
888 3410 1010 3494 multa
1022 3409 1165 3496 addere
1182 3413 1295 3514 veris,
1377 3447 1431 3506 sn

261 3579 316 3665 Et
330 3596 466 3686 petere
485 3577 576 3662 hinc
595 3578 699 3662 illinc
721 3578 913 3663 variarum
934 3579 1239 3664 seminatorum.

260 3743 412 3828 Nonne
431 3731 554 3852 vides,
579 3765 625 3828 ut
639 3745 768 3830 nostra
788 3751 898 3830 Deos
919 3748 959 3830 in
978 3747 1109 3857 prelia
1126 3747 1283 3850 ducant,

260 3915 350 4002 Hos
370 3913 547 4019 Teucris,
573 3915 669 3998 alios
685 3915 833 3998 Danais
850 3915 953 3998 socia
968 3941 1074 3998 arma
1089 3913 1276 4018 ferentes,

260 4073 543 4192 Certantesqne
561 4081 667 4163 inter
684 4079 723 4164 se
746 4081 859 4187 odiis,
886 4081 1013 4165 donec
1030 4101 1145 4193 pater
1161 4081 1243 4193 ipse

163 4275 168 4284 ·
257 4243 479 4335 Concilium
496 4265 626 4358 vocet,
652 4267 771 4362 atque
788 4249 968 4366 ingentes
984 4247 1136 4335 molliat
1153 4248 1252 4334 iras?
1372 4285 1430 4346 tr·

1327 4415 1430 4502 Cum
