3170 5150
279 349 350 432 lo.
504 345 684 424 Mirer
719 337 1039 422 Hruuorermr
1077 335 1221 422 Vrou

276 563 335 646 At
351 581 462 643 mora
477 553 507 638 fi
520 553 640 638 firerit
656 551 817 658 daumo,
843 575 1054 662 properare
1067 551 1226 661 jubebo.
1393 589 1454 654 420

277 727 320 813 Si
336 725 375 812 se
391 725 497 810 forte
516 749 609 808 cava
630 719 814 804 extulerit
832 719 934 804 mala
951 719 1086 829 vipera
1100 739 1220 828 terra,

277 893 398 981 Tolle
411 916 555 996 moras,
580 915 677 1000 cape
693 886 927 992 saramanu,
952 913 1050 996 cape
1067 887 1226 992 robore,
1243 889 1394 1000 pastor:

278 1067 400 1150 Ferte
416 1059 485 1144 citi
502 1057 690 1162 flammas,
712 1053 805 1140 date
824 1053 918 1160 tela,
937 1055 1115 1162 repellite
1131 1053 1291 1167 pestem.

278 1230 368 1343 Ipse
383 1229 504 1313 etiam
516 1225 643 1314 versus
661 1242 762 1329 ruat,
785 1225 827 1307 in
842 1216 1086 1334 precepsque
1103 1221 1265 1329 seratur,

153 1403 157 1414 '
280 1395 479 1484 Immenso
495 1421 584 1480 cum
604 1391 850 1502 precipimus
868 1373 947 1472 mit
958 1392 1125 1474 Oceano
1142 1417 1236 1497 nox,
1394 1427 1448 1487 4²5

280 1571 361 1651 Aut
375 1591 463 1648 cum
481 1559 675 1672 perculsus
692 1559 863 1670 graviter
880 1555 1101 1668 procumbit
1113 1555 1223 1642 humi
1238 1558 1324 1644 bor.

281 1732 461 1842 Cumque
477 1727 597 1810 etiam
613 1723 765 1836 requies
782 1721 898 1808 rebus
916 1721 1044 1832 dauu,
1068 1723 1151 1835 ipsa
1167 1753 1326 1838 quoque
1346 1727 1451 1810 ultro

281 1895 467 1982 Carmina
483 1889 676 2003 paulisper
692 1887 803 1974 cursu
820 1889 961 1974 ceffiue
978 1887 1141 1998 videbis,

282 2073 333 2152 ln
345 2061 477 2148 medio
492 2061 730 2169 interrupta:
758 2056 942 2168 quierunt
955 2085 1044 2142 cum
1058 2059 1161 2144 freta
1177 2064 1306 2171 ponti,

281 2232 488 2342 Postquam
506 2253 608 2312 eurae
620 2223 797 2336 posuere,
823 2224 1018 2338 quiescere
1033 2229 1213 2338 protinus
1227 2229 1352 2338 ipsum
1395 2265 1453 2328 430

280 2401 457 2485 Cernere
475 2396 564 2500 erit,
591 2391 802 2504 mediisque
815 2393 999 2504 incoeptie
1017 2393 1145 2482 sistere
1159 2397 1322 2482 versum.

281 2565 394 2680 Qid
409 2563 551 2670 dicam,
576 2560 812 2672 seniorycum
829 2561 950 2646 telum
970 2561 1124 2646 imbelle
1142 2563 1220 2650 sme
1235 2565 1315 2650 istu

279 2731 476 2822 Invalidus
490 2731 601 2847 jacit,
630 2740 672 2816 δε
686 2725 849 2814 defectis
863 2729 1006 2816 viribus
1025 2738 1152 2844 aeger?

280 2905 391 2990 Nam
406 2925 562 3014 quoque
578 2895 802 2982 tumversus
816 2894 926 3010 segni
938 2898 1086 3009 pariter
1101 2897 1204 3010 pede
1219 2901 1399 3015 languet:

282 3067 446 3182 Sanguis
460 3063 593 3168 hebet,
619 3061 769 3176 frigent
782 3061 931 3146 effoetae
947 3063 988 3148 in
1006 3091 1171 3178 corpore
1189 3069 1301 3154 vires.
1391 3107 1446 3168 435

280 3243 445 3322 Fortem
461 3250 591 3316 autem
598 3231 783 3346 juvenem
801 3229 941 3316 deceat
956 3257 1207 3345 prorumpere
1219 3235 1261 3319 in
1277 3261 1398 3346 arces,
1540 3253 1544 3268 ·

280 3399 468 3490 Evertilse
485 3397 641 3504 domos,
662 3397 942 3510 praesraslaque
954 3398 1317 3510 quadrupedantum

282 3571 448 3656 Pectora
462 3566 687 3678 pectoribus
701 3591 965 3676 perrumpere,
992 3567 1160 3650 sternere
1179 3591 1307 3655 turres

282 3745 486 3851 Ingentes,
506 3753 674 3847 totoque
693 3732 819 3816 ferum
841 3732 934 3816 dare
950 3729 1088 3820 fisneta
1105 3763 1258 3848 campo.

283 3905 407 3994 Nulla
420 3899 521 3986 adeo
535 3919 669 3986 vatum
681 3901 807 4011 major
821 3900 1041 4012 prudentia,
1064 3931 1180 4014 quam
1203 3903 1242 3986 se
1396 3941 1451 3996 «ο
1501 3956 1503 3964 ‹

284 4080 367 4160 Aut
384 4094 577 4182 premere,
602 4086 671 4172 qut
694 4093 824 4152 rerum
840 4095 915 4178 pro
931 4068 1129 4180 majestate
1151 4071 1332 4156 canendo

284 4241 464 4328 Tollere:
495 4261 598 4324 nuuc
612 4233 698 4320 illos
709 4235 880 4322 animum
895 4234 1135 4322 summittere
1154 4263 1289 4326 cernas

1358 4413 1453 4495 Ver·
