3138 5142
247 361 250 366 -
300 339 376 414 ¹04
528 313 711 393 Miner
736 265 1037 392 Hranomrmr
1063 307 1205 396 Vrnu

293 528 400 614 llliua
413 521 599 640 imprellia
615 544 768 635 ponem
782 521 941 636 vestigia
955 521 1088 638 fignia,

295 694 379 810 Qi
392 695 503 778 Deus
521 691 725 800 humanm,
748 691 870 776 morti
887 690 1036 800 obvius,
1060 689 1192 778 induit
1206 707 1325 780 artua.

294 867 433 976 thue
447 857 526 946 Dei
540 857 606 944 ille
622 860 755 946 animo
771 856 1003 946 observabat
1019 858 1125 944 fasta
1143 859 1297 974 sequaci

294 1027 479 1134 AEmulua‚
503 1025 679 1112 burnania
698 1043 887 1140 quantum
904 1023 963 1109 fas
976 1023 1120 1146 viribus
1137 1026 1218 1132 ulli,

295 1193 357 1280 Sic
371 1193 498 1302 nobit,
523 1192 662 1308 quibus
680 1193 785 1279 eltis
801 1193 943 1300 honos,
969 1217 1116 1304 parque
1134 1193 1257 1278 infula
1271 1195 1410 1308 cingit,
1428 1229 1467 1294 rr

291 1363 436 1474 (Atque
451 1363 599 1448 utinam
613 1385 770 1476 quoque
785 1387 857 1473 par
867 1361 1001 1466 uirtus,
1011 1359 1142 1471 visque
1157 1361 1296 1446 aemula
1308 1359 1472 1469 mentis)

294 1529 399 1614 Illius
416 1528 467 1614 ad
483 1527 679 1640 speculum
697 1527 849 1614 nostroe
865 1549 1104 1638 componere
1119 1525 1246 1612 sensus

295 1697 401 1780 Cura
418 1714 517 1802 erat,
544 1707 585 1782 br
602 1695 700 1778 vitas
714 1691 918 1780 hominnm
931 1693 1104 1777 formare
1119 1691 1299 1780 colendo.

294 1861 365 1946 Ille
384 1862 556 1974 quidem,
584 1879 760 1947 metuens
779 1887 830 1946 ne
845 1859 922 1944 sese
938 1859 1064 1974 gloria
1078 1861 1213 1944 inanes

293 2027 470 2113 Tolleret
488 2031 530 2113 in
549 2049 701 2130 ventos,
727 2025 880 2136 semper
893 2024 1098 2112 benefasta
1115 2025 1288 2136 tegebat,
1429 2059 1471 2120 50

292 2191 612 2304 Dillimulansqne
628 2191 831 2303 premebat
846 2192 953 2280 humi
968 2193 1009 2278 se
1023 2191 1161 2304 sponte
1175 2193 1386 2305 iuuentem.

295 2367 482 2446 Attamen
498 2357 613 2472 usque
629 2359 699 2445 suo
714 2357 908 2444 tralucens
923 2359 1015 2472 igue
1031 2357 1200 2444 micabat

292 2527 485 2632 Proditus,
505 2537 639 2638 &quo
657 2525 696 2610 se
711 2545 907 2636 premeret
925 2525 1060 2638 magia,
1074 2524 1153 2610 boe
1169 2526 1293 2642 magis
1308 2527 1431 2612 altum

293 2699 379 2778 Ore
395 2692 536 2778 sonans
552 2694 709 2778 cunelae
724 2691 889 2777 tollebat
905 2681 1009 2778 fama
1025 2719 1098 2804 per
1112 2693 1238 2778 urbes.

292 2858 410 2942 Multi
424 2857 530 2944 illurn
547 2859 696 2970 populi,
721 2859 928 2974 multaque
946 2885 1017 2972 per
1029 2855 1177 2974 'oppida
1192 2881 1331 2974 gemes
1421 2895 1458 2958 η

237 3071 244 3084 ·
292 3029 494 3134 Optavere
509 3023 662 3132 ducem,
688 3023 832 3137 sibique
848 3027 1026 3114 affcirere
1044 3029 1291 3142 magistrum:

253 3187 555 3324 'Mortalesque
571 3189 684 3298 adeo,
700 3218 815 3303 quam
835 3193 953 3278 densa
972 3195 1147 3278 ianuile
1158 3196 1335 3308 jacerent

289 3355 472 3468 Opprelli
488 3355 724 3464 admonitos,
751 3361 841 3444 vitae
858 3361 1002 3445 tradere
1017 3359 1156 3471 prioris

287 3525 477 3636 Coeptum
493 3543 598 3608 erat:
627 3523 691 3609 hic
708 3525 785 3611 illic
799 3527 937 3614 flentes
951 3527 1109 3614 admiffa
1125 3553 1196 3638 per
1209 3526 1326 3612 urbes

285 3693 424 3803 Longe
440 3691 519 3776 alio
533 3687 628 3776 verli
645 3689 882 3805 incipiebant
895 3695 1023 3780 vivere
1039 3692 1159 3778 sensu.
1416 3721 1460 3778 ro

285 3858 374 3968 Jam
391 3857 502 3942 lactis
519 3855 697 3964 cedebat,
715 3859 856 3975 ubique
871 3862 1041 3946 coercita
1057 3857 1198 3967 fraenis,

283 4016 552 4134 Fraudumque
578 4024 838 4139 scelerumque
854 4027 1010 4114 licentia
1022 4074 1034 4128 ς
1060 4031 1139 4144 jam
1161 4055 1262 4116 nova
1279 4031 1398 4114 rebus

286 4186 449 4270 Mutatis
465 4183 581 4274 facies
602 4193 826 4278 mortalibus
842 4221 1037 4306 apparere.

1284 4368 1453 4478 Jamque
1547 4347 1548 4367 Ν
