<?xml version="1.0" encoding="UTF-8"?>
<!DOCTYPE html PUBLIC "-//W3C//DTD XHTML 1.0 Transitional//EN"
    "http://www.w3.org/TR/xhtml1/DTD/xhtml1-transitional.dtd">
<html xmlns="http://www.w3.org/1999/xhtml" xml:lang="en" lang="en">
 <head>
  <title>
</title>
<meta http-equiv="Content-Type" content="text/html;charset=utf-8" />
  <meta name='ocr-system' content='tesseract 3.04.00' />
  <meta name='ocr-capabilities' content='ocr_page ocr_carea ocr_par ocr_line ocrx_word'/>
</head>
<body>
  <div class='ocr_page' id='page_1' title='image "./marcihieronymiv00trisgoog_0083.png"; bbox 0 0 3172 5140; ppageno 0'>
   <div class='ocr_carea' id='block_1_1' title="bbox 255 289 1206 402">
    <p class='ocr_par' dir='ltr' id='par_1_1' title="bbox 255 289 1206 402">
     <span class='ocr_line' id='line_1_1' title="bbox 255 289 1206 402; baseline 0 -24"><span class='ocrx_word' id='word_1_1' title='bbox 255 303 308 402; x_wconf 79' lang='lat'>48</span> <span class='ocrx_word' id='word_1_2' title='bbox 479 297 667 375; x_wconf 73' lang='lat' dir='ltr'>Minor</span> <span class='ocrx_word' id='word_1_3' title='bbox 701 289 1032 376; x_wconf 79' lang='lat' dir='ltr'>Hrrnournr</span> <span class='ocrx_word' id='word_1_4' title='bbox 1067 295 1206 379; x_wconf 73' lang='lat' dir='ltr'>Vron</span> 
     </span>
    </p>
   </div>
   <div class='ocr_carea' id='block_1_2' title="bbox 255 505 1444 2808">
    <p class='ocr_par' dir='ltr' id='par_1_2' title="bbox 255 505 1444 2133">
     <span class='ocr_line' id='line_1_2' title="bbox 255 505 1186 622; baseline -0.004 -24"><span class='ocrx_word' id='word_1_5' title='bbox 255 509 479 598; x_wconf 85' lang='lat' dir='ltr'>Dicendum</span> <span class='ocrx_word' id='word_1_6' title='bbox 494 505 649 622; x_wconf 80' lang='lat' dir='ltr'>quantis</span> <span class='ocrx_word' id='word_1_7' title='bbox 663 523 770 592; x_wconf 89' lang='lat' dir='ltr'>terra</span> <span class='ocrx_word' id='word_1_8' title='bbox 788 523 903 593; x_wconf 89' lang='lat' dir='ltr'>tonet</span> <span class='ocrx_word' id='word_1_9' title='bbox 917 511 1035 594; x_wconf 82' lang='lat' dir='ltr'>AEtna</span> <span class='ocrx_word' id='word_1_10' title='bbox 1054 509 1186 618; x_wconf 80' lang='lat' dir='ltr'>ruinis,</span> 
     </span>
     <span class='ocr_line' id='line_1_3' title="bbox 256 671 1426 790; baseline -0.004 -23"><span class='ocrx_word' id='word_1_11' title='bbox 256 687 516 790; x_wconf 87' lang='lat' dir='ltr'>Prorumpens</span> <span class='ocrx_word' id='word_1_12' title='bbox 534 695 662 762; x_wconf 88' lang='lat' dir='ltr'>atram</span> <span class='ocrx_word' id='word_1_13' title='bbox 674 673 769 762; x_wconf 86' lang='lat' dir='ltr'>eoeli</span> <span class='ocrx_word' id='word_1_14' title='bbox 782 671 900 788; x_wconf 88' lang='lat' dir='ltr'>usque</span> <span class='ocrx_word' id='word_1_15' title='bbox 914 673 966 760; x_wconf 82' lang='lat' dir='ltr'>ad</span> <span class='ocrx_word' id='word_1_16' title='bbox 984 673 1106 762; x_wconf 78' lang='lat' dir='ltr'>sidera</span> <span class='ocrx_word' id='word_1_17' title='bbox 1120 678 1279 786; x_wconf 89' lang='lat' dir='ltr'>nubem,</span> <span class='ocrx_word' id='word_1_18' title='bbox 1370 716 1426 780; x_wconf 73' lang='lat' dir='ltr'>m</span> 
     </span>
     <span class='ocr_line' id='line_1_4' title="bbox 257 841 1265 954; baseline -0.007 -19"><span class='ocrx_word' id='word_1_19' title='bbox 257 847 436 935; x_wconf 88' lang='lat' dir='ltr'>Turbine</span> <span class='ocrx_word' id='word_1_20' title='bbox 452 847 670 931; x_wconf 83' lang='lat' dir='ltr'>firmantem</span> <span class='ocrx_word' id='word_1_21' title='bbox 694 841 822 954; x_wconf 88' lang='lat' dir='ltr'>piceo,</span> <span class='ocrx_word' id='word_1_22' title='bbox 849 853 891 930; x_wconf 74' lang='lat' dir='ltr'>or</span> <span class='ocrx_word' id='word_1_23' title='bbox 910 841 1104 930; x_wconf 86' lang='lat' dir='ltr'>candente</span> <span class='ocrx_word' id='word_1_24' title='bbox 1122 841 1265 932; x_wconf 82' lang='lat' dir='ltr'>favilia.</span> 
     </span>
     <span class='ocr_line' id='line_1_5' title="bbox 257 1008 1210 1124; baseline -0.007 -18"><span class='ocrx_word' id='word_1_25' title='bbox 257 1016 412 1124; x_wconf 87' lang='lat' dir='ltr'>Vidisti,</span> <span class='ocrx_word' id='word_1_26' title='bbox 438 1041 526 1102; x_wconf 87' lang='lat' dir='ltr'>curn</span> <span class='ocrx_word' id='word_1_27' title='bbox 538 1013 642 1100; x_wconf 85' lang='lat' dir='ltr'>bella</span> <span class='ocrx_word' id='word_1_28' title='bbox 655 1029 803 1098; x_wconf 88' lang='lat' dir='ltr'>canunt</span> <span class='ocrx_word' id='word_1_29' title='bbox 817 1008 1018 1096; x_wconf 84' lang='lat' dir='ltr'>horrentia</span> <span class='ocrx_word' id='word_1_30' title='bbox 1035 1024 1210 1122; x_wconf 59' lang='lat' dir='ltr'>&amp;arma</span> 
     </span>
     <span class='ocr_line' id='line_1_6' title="bbox 259 1179 1430 1298; baseline -0.003 -26"><span class='ocrx_word' id='word_1_31' title='bbox 259 1179 823 1298; x_wconf 60' lang='lat' dir='ltr'>Armarremunqmiscentque</span> <span class='ocrx_word' id='word_1_32' title='bbox 834 1179 1009 1292; x_wconf 87' lang='lat' dir='ltr'>equitum</span> <span class='ocrx_word' id='word_1_33' title='bbox 1018 1179 1272 1295; x_wconf 88' lang='lat' dir='ltr'>peditumque</span> <span class='ocrx_word' id='word_1_34' title='bbox 1284 1180 1410 1268; x_wconf 80' lang='lat' dir='ltr'>minas</span> <span class='ocrx_word' id='word_1_35' title='bbox 1416 1227 1430 1282; x_wconf 84' lang='lat'>;</span> 
     </span>
     <span class='ocr_line' id='line_1_7' title="bbox 260 1333 1392 1464; baseline -0.005 -25"><span class='ocrx_word' id='word_1_36' title='bbox 260 1355 368 1440; x_wconf 87' lang='lat' dir='ltr'>Ante</span> <span class='ocrx_word' id='word_1_37' title='bbox 380 1352 515 1439; x_wconf 88' lang='lat' dir='ltr'>oculos</span> <span class='ocrx_word' id='word_1_38' title='bbox 525 1351 667 1436; x_wconf 74' lang='lat' dir='ltr'>Marde</span> <span class='ocrx_word' id='word_1_39' title='bbox 677 1345 757 1434; x_wconf 90' lang='lat' dir='ltr'>sese</span> <span class='ocrx_word' id='word_1_40' title='bbox 770 1347 888 1432; x_wconf 81' lang='lat' dir='ltr'>offert</span> <span class='ocrx_word' id='word_1_41' title='bbox 900 1347 1016 1432; x_wconf 88' lang='lat' dir='ltr'>tristis</span> <span class='ocrx_word' id='word_1_42' title='bbox 1030 1347 1178 1464; x_wconf 81' lang='lat' dir='ltr'>imago,</span> <span class='ocrx_word' id='word_1_43' title='bbox 1262 1341 1264 1346; x_wconf 68' lang='grc'><strong>’</strong></span> <span class='ocrx_word' id='word_1_44' title='bbox 1386 1333 1392 1343; x_wconf 53' lang='grc'><em>“</em></span> 
     </span>
     <span class='ocr_line' id='line_1_8' title="bbox 260 1513 1433 1642; baseline -0.006 -38"><span class='ocrx_word' id='word_1_45' title='bbox 260 1523 361 1604; x_wconf 89' lang='lat' dir='ltr'>Non</span> <span class='ocrx_word' id='word_1_46' title='bbox 377 1539 530 1606; x_wconf 85' lang='lat' dir='ltr'>tantum</span> <span class='ocrx_word' id='word_1_47' title='bbox 547 1537 593 1602; x_wconf 90' lang='lat' dir='ltr'>ut</span> <span class='ocrx_word' id='word_1_48' title='bbox 608 1515 925 1642; x_wconf 84' lang='lat' dir='ltr'>dieivideantur,</span> <span class='ocrx_word' id='word_1_49' title='bbox 949 1513 1018 1600; x_wconf 91' lang='lat' dir='ltr'>sed</span> <span class='ocrx_word' id='word_1_50' title='bbox 1034 1515 1120 1601; x_wconf 89' lang='lat' dir='ltr'>fieri</span> <span class='ocrx_word' id='word_1_51' title='bbox 1135 1543 1211 1624; x_wconf 82' lang='lat' dir='ltr'>rer,</span> <span class='ocrx_word' id='word_1_52' title='bbox 1375 1541 1433 1617; x_wconf 61' lang='grc' dir='ltr'>,ιο</span> 
     </span>
     <span class='ocr_line' id='line_1_9' title="bbox 261 1673 1190 1800; baseline -0.009 -28"><span class='ocrx_word' id='word_1_53' title='bbox 261 1685 385 1772; x_wconf 88' lang='lat' dir='ltr'>Unde</span> <span class='ocrx_word' id='word_1_54' title='bbox 400 1687 486 1800; x_wconf 82' lang='lat' dir='ltr'>ipfis</span> <span class='ocrx_word' id='word_1_55' title='bbox 502 1675 650 1771; x_wconf 84' lang='lat' dir='ltr'>nomen</span> <span class='ocrx_word' id='word_1_56' title='bbox 665 1683 778 1768; x_wconf 90' lang='lat' dir='ltr'>Graii</span> <span class='ocrx_word' id='word_1_57' title='bbox 793 1679 923 1768; x_wconf 89' lang='lat' dir='ltr'>secere</span> <span class='ocrx_word' id='word_1_58' title='bbox 940 1683 1094 1794; x_wconf 84' lang='lat' dir='ltr'>poetis:</span> <span class='ocrx_word' id='word_1_59' title='bbox 1187 1673 1190 1680; x_wconf 45' lang='lat'><strong>⁴</strong></span> 
     </span>
     <span class='ocr_line' id='line_1_10' title="bbox 262 1843 1444 1968; baseline 0 -30"><span class='ocrx_word' id='word_1_60' title='bbox 262 1857 475 1938; x_wconf 80' lang='lat' dir='ltr'>Arm0rnm</span> <span class='ocrx_word' id='word_1_61' title='bbox 493 1851 630 1968; x_wconf 82' lang='lat' dir='ltr'>fragor</span> <span class='ocrx_word' id='word_1_62' title='bbox 641 1849 777 1959; x_wconf 82' lang='lat' dir='ltr'>audiri,</span> <span class='ocrx_word' id='word_1_63' title='bbox 804 1848 1047 1966; x_wconf 86' lang='lat' dir='ltr'>gemitusque</span> <span class='ocrx_word' id='word_1_64' title='bbox 1066 1849 1287 1962; x_wconf 81' lang='lat' dir='ltr'>cadentum,</span> <span class='ocrx_word' id='word_1_65' title='bbox 1440 1843 1444 1852; x_wconf 69' lang='grc'><em>’</em></span> 
     </span>
     <span class='ocr_line' id='line_1_11' title="bbox 264 2017 1292 2133; baseline 0.01 -31"><span class='ocrx_word' id='word_1_66' title='bbox 264 2020 573 2133; x_wconf 80' lang='lat' dir='ltr'>Caedenmmque</span> <span class='ocrx_word' id='word_1_67' title='bbox 587 2019 700 2128; x_wconf 70' lang='lat' dir='ltr'>idrus,</span> <span class='ocrx_word' id='word_1_68' title='bbox 725 2029 767 2106; x_wconf 71' lang='lat' dir='ltr'>dr</span> <span class='ocrx_word' id='word_1_69' title='bbox 787 2017 917 2102; x_wconf 88' lang='lat' dir='ltr'>inania</span> <span class='ocrx_word' id='word_1_70' title='bbox 933 2039 1028 2105; x_wconf 88' lang='lat' dir='ltr'>vota</span> <span class='ocrx_word' id='word_1_71' title='bbox 1050 2041 1292 2132; x_wconf 83' lang='lat' dir='ltr'>precantum.</span> 
     </span>
    </p>

    <p class='ocr_par' dir='ltr' id='par_1_3' title="bbox 263 2179 1433 2808">
     <span class='ocr_line' id='line_1_12' title="bbox 264 2179 1351 2301; baseline 0.005 -30"><span class='ocrx_word' id='word_1_72' title='bbox 264 2188 365 2300; x_wconf 84' lang='lat' dir='ltr'>Qis</span> <span class='ocrx_word' id='word_1_73' title='bbox 382 2214 552 2301; x_wconf 91' lang='lat' dir='ltr'>quoque,</span> <span class='ocrx_word' id='word_1_74' title='bbox 579 2201 666 2272; x_wconf 85' lang='lat' dir='ltr'>cnm</span> <span class='ocrx_word' id='word_1_75' title='bbox 684 2205 819 2299; x_wconf 84' lang='lat' dir='ltr'>captas</span> <span class='ocrx_word' id='word_1_76' title='bbox 836 2187 1022 2274; x_wconf 84' lang='lat' dir='ltr'>evolvunt</span> <span class='ocrx_word' id='word_1_77' title='bbox 1038 2189 1210 2276; x_wconf 79' lang='lat' dir='ltr'>hostibus</span> <span class='ocrx_word' id='word_1_78' title='bbox 1223 2179 1351 2298; x_wconf 81' lang='lat' dir='ltr'>urbes,</span> 
     </span>
     <span class='ocr_line' id='line_1_13' title="bbox 263 2345 1433 2466; baseline 0.003 -27"><span class='ocrx_word' id='word_1_79' title='bbox 263 2355 483 2466; x_wconf 85' lang='lat' dir='ltr'>Temperet</span> <span class='ocrx_word' id='word_1_80' title='bbox 499 2355 763 2460; x_wconf 79' lang='lat' dir='ltr'>alachrymis?</span> <span class='ocrx_word' id='word_1_81' title='bbox 782 2355 978 2442; x_wconf 75' lang='lat' dir='ltr'>teetomm</span> <span class='ocrx_word' id='word_1_82' title='bbox 992 2355 1043 2442; x_wconf 87' lang='lat' dir='ltr'>ad</span> <span class='ocrx_word' id='word_1_83' title='bbox 1059 2345 1351 2446; x_wconf 80' lang='lat' dir='ltr'>culminasaevae</span> <span class='ocrx_word' id='word_1_84' title='bbox 1379 2381 1433 2458; x_wconf 63' lang='grc' dir='ltr'>,ις</span> 
     </span>
     <span class='ocr_line' id='line_1_14' title="bbox 264 2523 1264 2638; baseline 0.004 -28"><span class='ocrx_word' id='word_1_85' title='bbox 264 2531 329 2610; x_wconf 85' lang='lat' dir='ltr'>Ire</span> <span class='ocrx_word' id='word_1_86' title='bbox 347 2523 465 2634; x_wconf 81' lang='lat' dir='ltr'>faces,</span> <span class='ocrx_word' id='word_1_87' title='bbox 491 2523 704 2638; x_wconf 73' lang='lat' dir='ltr'>passimque</span> <span class='ocrx_word' id='word_1_88' title='bbox 718 2523 860 2610; x_wconf 86' lang='lat' dir='ltr'>domos</span> <span class='ocrx_word' id='word_1_89' title='bbox 875 2525 1075 2611; x_wconf 84' lang='lat' dir='ltr'>involvere</span> <span class='ocrx_word' id='word_1_90' title='bbox 1089 2526 1264 2614; x_wconf 83' lang='lat' dir='ltr'>flammas</span> 
     </span>
     <span class='ocr_line' id='line_1_15' title="bbox 264 2691 1395 2808; baseline 0.003 -32"><span class='ocrx_word' id='word_1_91' title='bbox 264 2691 439 2778; x_wconf 88' lang='lat' dir='ltr'>Cernere</span> <span class='ocrx_word' id='word_1_92' title='bbox 454 2693 542 2800; x_wconf 89' lang='lat' dir='ltr'>erit,</span> <span class='ocrx_word' id='word_1_93' title='bbox 570 2691 958 2804; x_wconf 86' lang='lat' dir='ltr'>trepidosquesenes,</span> <span class='ocrx_word' id='word_1_94' title='bbox 983 2695 1198 2806; x_wconf 89' lang='lat' dir='ltr'>puerosque</span> <span class='ocrx_word' id='word_1_95' title='bbox 1213 2715 1395 2808; x_wconf 87' lang='lat' dir='ltr'>parentes</span> 
     </span>
    </p>
   </div>
   <div class='ocr_carea' id='block_1_3' title="bbox 267 2855 1225 2969">
    <p class='ocr_par' dir='ltr' id='par_1_4' title="bbox 267 2855 1225 2984">
     <span class='ocr_line' id='line_1_16' title="bbox 267 2855 1225 2969; baseline 0.005 -27"><span class='ocrx_word' id='word_1_96' title='bbox 267 2859 495 2969; x_wconf 83' lang='lat' dir='ltr'>Amplexos,</span> <span class='ocrx_word' id='word_1_97' title='bbox 521 2855 734 2968; x_wconf 88' lang='lat' dir='ltr'>flentesque</span> <span class='ocrx_word' id='word_1_98' title='bbox 752 2857 852 2969; x_wconf 82' lang='lat' dir='ltr'>ipsas</span> <span class='ocrx_word' id='word_1_99' title='bbox 871 2857 922 2940; x_wconf 90' lang='lat' dir='ltr'>ad</span> <span class='ocrx_word' id='word_1_100' title='bbox 936 2857 1061 2944; x_wconf 79' lang='lat' dir='ltr'>sidera</span> <span class='ocrx_word' id='word_1_101' title='bbox 1080 2881 1225 2946; x_wconf 88' lang='lat' dir='ltr'>matres</span> 
     </span>
    </p>
   </div>
   <div class='ocr_carea' id='block_1_4' title="bbox 266 3018 1444 4312">
    <p class='ocr_par' dir='ltr' id='par_1_5' title="bbox 266 3018 1444 4312">
     <span class='ocr_line' id='line_1_17' title="bbox 266 3018 1273 3139; baseline 0.005 -31"><span class='ocrx_word' id='word_1_102' title='bbox 266 3023 474 3108; x_wconf 84' lang='lat' dir='ltr'>Tollentes</span> <span class='ocrx_word' id='word_1_103' title='bbox 493 3022 719 3128; x_wconf 87' lang='lat' dir='ltr'>clamorem,</span> <span class='ocrx_word' id='word_1_104' title='bbox 747 3018 876 3104; x_wconf 86' lang='lat' dir='ltr'>hostes</span> <span class='ocrx_word' id='word_1_105' title='bbox 892 3022 1072 3135; x_wconf 88' lang='lat' dir='ltr'>interque</span> <span class='ocrx_word' id='word_1_106' title='bbox 1091 3025 1273 3139; x_wconf 88' lang='lat' dir='ltr'>suosque:</span> 
     </span>
     <span class='ocr_line' id='line_1_18' title="bbox 267 3183 1441 3303; baseline 0.006 -28"><span class='ocrx_word' id='word_1_107' title='bbox 267 3188 565 3301; x_wconf 73' lang='lat' dir='ltr'>Abstradiasque</span> <span class='ocrx_word' id='word_1_108' title='bbox 583 3215 702 3274; x_wconf 81' lang='lat' dir='ltr'>nurus</span> <span class='ocrx_word' id='word_1_109' title='bbox 718 3183 857 3294; x_wconf 84' lang='lat' dir='ltr'>adytis,</span> <span class='ocrx_word' id='word_1_110' title='bbox 883 3188 1033 3301; x_wconf 84' lang='lat' dir='ltr'>arisque</span> <span class='ocrx_word' id='word_1_111' title='bbox 1045 3196 1241 3303; x_wconf 90' lang='lat' dir='ltr'>Deorum,</span> <span class='ocrx_word' id='word_1_112' title='bbox 1381 3235 1441 3298; x_wconf 77' lang='lat'>390</span> 
     </span>
     <span class='ocr_line' id='line_1_19' title="bbox 267 3357 1271 3476; baseline 0.003 -32"><span class='ocrx_word' id='word_1_113' title='bbox 267 3365 324 3444; x_wconf 88' lang='lat' dir='ltr'>Et</span> <span class='ocrx_word' id='word_1_114' title='bbox 337 3359 483 3444; x_wconf 89' lang='lat' dir='ltr'>crinem</span> <span class='ocrx_word' id='word_1_115' title='bbox 501 3357 661 3464; x_wconf 89' lang='lat' dir='ltr'>laniare,</span> <span class='ocrx_word' id='word_1_116' title='bbox 689 3368 731 3444; x_wconf 72' lang='lat' dir='ltr'>dr</span> <span class='ocrx_word' id='word_1_117' title='bbox 744 3357 908 3470; x_wconf 74' lang='lat' dir='ltr'>penora</span> <span class='ocrx_word' id='word_1_118' title='bbox 926 3358 1092 3446; x_wconf 89' lang='lat' dir='ltr'>tundere</span> <span class='ocrx_word' id='word_1_119' title='bbox 1108 3364 1271 3476; x_wconf 84' lang='lat' dir='ltr'>palmis:</span> 
     </span>
     <span class='ocr_line' id='line_1_20' title="bbox 268 3523 1348 3642; baseline 0.004 -29"><span class='ocrx_word' id='word_1_120' title='bbox 268 3533 356 3613; x_wconf 89' lang='lat' dir='ltr'>Hos</span> <span class='ocrx_word' id='word_1_121' title='bbox 375 3524 527 3642; x_wconf 85' lang='lat' dir='ltr'>fugere,</span> <span class='ocrx_word' id='word_1_122' title='bbox 555 3525 611 3610; x_wconf 87' lang='lat' dir='ltr'>ast</span> <span class='ocrx_word' id='word_1_123' title='bbox 628 3523 714 3610; x_wconf 87' lang='lat' dir='ltr'>illos</span> <span class='ocrx_word' id='word_1_124' title='bbox 733 3525 937 3638; x_wconf 89' lang='lat' dir='ltr'>ingentem</span> <span class='ocrx_word' id='word_1_125' title='bbox 960 3527 1149 3614; x_wconf 88' lang='lat' dir='ltr'>abducere</span> <span class='ocrx_word' id='word_1_126' title='bbox 1163 3529 1348 3642; x_wconf 84' lang='lat' dir='ltr'>praedam,</span> 
     </span>
     <span class='ocr_line' id='line_1_21' title="bbox 268 3691 1357 3807; baseline 0.004 -29"><span class='ocrx_word' id='word_1_127' title='bbox 268 3703 417 3807; x_wconf 88' lang='lat' dir='ltr'>Perque</span> <span class='ocrx_word' id='word_1_128' title='bbox 434 3694 574 3779; x_wconf 85' lang='lat' dir='ltr'>domos</span> <span class='ocrx_word' id='word_1_129' title='bbox 591 3718 738 3806; x_wconf 90' lang='lat' dir='ltr'>perque</span> <span class='ocrx_word' id='word_1_130' title='bbox 757 3691 837 3775; x_wconf 86' lang='lat' dir='ltr'>alta</span> <span class='ocrx_word' id='word_1_131' title='bbox 859 3716 976 3778; x_wconf 85' lang='lat' dir='ltr'>munt</span> <span class='ocrx_word' id='word_1_132' title='bbox 991 3693 1152 3782; x_wconf 82' lang='lat' dir='ltr'>delubra</span> <span class='ocrx_word' id='word_1_133' title='bbox 1165 3703 1357 3805; x_wconf 89' lang='lat' dir='ltr'>Deorum,</span> 
     </span>
     <span class='ocr_line' id='line_1_22' title="bbox 269 3855 1444 3976; baseline -0.001 -25"><span class='ocrx_word' id='word_1_134' title='bbox 269 3859 402 3976; x_wconf 87' lang='lat' dir='ltr'>Atque</span> <span class='ocrx_word' id='word_1_135' title='bbox 422 3861 497 3948; x_wconf 86' lang='lat' dir='ltr'>huc</span> <span class='ocrx_word' id='word_1_136' title='bbox 513 3880 630 3972; x_wconf 85' lang='lat' dir='ltr'>atque</span> <span class='ocrx_word' id='word_1_137' title='bbox 650 3859 739 3944; x_wconf 90' lang='lat' dir='ltr'>illuc</span> <span class='ocrx_word' id='word_1_138' title='bbox 758 3877 847 3944; x_wconf 78' lang='lat' dir='ltr'>&#39;tota</span> <span class='ocrx_word' id='word_1_139' title='bbox 866 3859 1085 3949; x_wconf 89' lang='lat' dir='ltr'>discurritur</span> <span class='ocrx_word' id='word_1_140' title='bbox 1098 3865 1207 3948; x_wconf 87' lang='lat' dir='ltr'>urbe.</span> <span class='ocrx_word' id='word_1_141' title='bbox 1340 3855 1444 3972; x_wconf 61' lang='lat' dir='ltr'>[visi</span> 
     </span>
     <span class='ocr_line' id='line_1_23' title="bbox 334 4011 1444 4146; baseline 0.005 -33"><span class='ocrx_word' id='word_1_142' title='bbox 334 4011 447 4144; x_wconf 78' lang='lat' dir='ltr'>Qid</span> <span class='ocrx_word' id='word_1_143' title='bbox 458 4055 547 4113; x_wconf 88' lang='lat' dir='ltr'>cum</span> <span class='ocrx_word' id='word_1_144' title='bbox 557 4027 694 4111; x_wconf 83' lang='lat' dir='ltr'>animis</span> <span class='ocrx_word' id='word_1_145' title='bbox 707 4011 811 4110; x_wconf 87' lang='lat' dir='ltr'>sacer</span> <span class='ocrx_word' id='word_1_146' title='bbox 819 4027 876 4112; x_wconf 88' lang='lat' dir='ltr'>est</span> <span class='ocrx_word' id='word_1_147' title='bbox 885 4028 997 4114; x_wconf 89' lang='lat' dir='ltr'>furor</span> <span class='ocrx_word' id='word_1_148' title='bbox 1007 4030 1291 4146; x_wconf 85' lang='lat' dir='ltr'>additus,atque</span> <span class='ocrx_word' id='word_1_149' title='bbox 1299 4054 1444 4144; x_wconf 86' lang='lat' dir='ltr'>potens</span> 
     </span>
     <span class='ocr_line' id='line_1_24' title="bbox 270 4189 1388 4312; baseline 0 -24"><span class='ocrx_word' id='word_1_150' title='bbox 270 4207 378 4288; x_wconf 88' lang='lat' dir='ltr'>Nam</span> <span class='ocrx_word' id='word_1_151' title='bbox 388 4199 540 4290; x_wconf 83' lang='lat' dir='ltr'>variant</span> <span class='ocrx_word' id='word_1_152' title='bbox 553 4194 695 4308; x_wconf 85' lang='lat' dir='ltr'>species</span> <span class='ocrx_word' id='word_1_153' title='bbox 709 4189 1164 4311; x_wconf 77' lang='lat' dir='ltr'>animorum,&amp;peerora</span> <span class='ocrx_word' id='word_1_154' title='bbox 1175 4203 1307 4290; x_wconf 82' lang='lat' dir='ltr'>nostra</span> <span class='ocrx_word' id='word_1_155' title='bbox 1337 4211 1341 4216; x_wconf 85' lang='lat'>&#39;</span> <span class='ocrx_word' id='word_1_156' title='bbox 1387 4309 1388 4312; x_wconf 4' lang='grc' dir='ltr'><strong><em>Ν</em></strong></span> 
     </span>
    </p>
   </div>
   <div class='ocr_carea' id='block_1_5' title="bbox 1323 4371 1445 4458">
    <p class='ocr_par' dir='ltr' id='par_1_6' title="bbox 1323 4371 1445 4458">
     <span class='ocr_line' id='line_1_25' title="bbox 1323 4371 1445 4458; baseline -0.008 0"><span class='ocrx_word' id='word_1_157' title='bbox 1323 4371 1445 4458; x_wconf 86' lang='lat' dir='ltr'>Nunc</span> 
     </span>
    </p>
   </div>
   <div class='ocr_carea' id='block_1_6' title="bbox 0 0 1610 5140">
    <p class='ocr_par' dir='ltr' id='par_1_7' title="bbox 0 0 1610 5140">
     <span class='ocr_line' id='line_1_26' title="bbox 0 0 1610 5140; baseline 0 0"><span class='ocrx_word' id='word_1_158' title='bbox 0 0 1610 5140; x_wconf 95' lang='lat' dir='ltr'> </span> 
     </span>
    </p>
   </div>
  </div>
 </body>
</html>
