3138 5142
411 385 725 472 Caruruuru
751 390 931 472 Lruuu.
1182 425 1258 498 105

98 607 264 720 Jamque
281 603 498 702 sacerdotes
515 605 633 707 easti;
656 607 737 718 jana
755 607 918 717 peoora
934 605 1054 692 virtus
1085 582 1089 594 ⁸

98 777 216 860 Nune
228 773 388 858 meliora
397 773 613 881 hominum,
620 771 717 857 redii
727 771 848 857 modo
860 769 1070 883 inhospita,
1078 773 1260 884 habebat3

97 944 186 1054 Janr
206 941 360 1052 templis
379 939 559 1052 antiquus
576 939 717 1044 honos,
738 938 821 1051 jam
836 937 989 1024 debitus
1008 941 1082 1026 aria

98 1107 236 1193 Cultus
253 1127 352 1212 erat,
379 1107 585 1220 condique
601 1105 688 1192 suos
705 1103 924 1192 desuescere
939 1135 1069 1194 mores

95 1277 247 1386 Sponte
263 1276 341 1382 sua,
354 1275 595 1387 priscumque
611 1293 705 1384 atas
723 1274 946 1360 meditarier
963 1303 1099 1362 aurum

95 1441 287 1548 Decolor,
313 1455 354 1529 δι
369 1441 485 1527 versu
502 1441 580 1526 hoc
596 1441 675 1524 sole
691 1439 879 1526 nitescere
895 1442 1030 1528 rebus:

95 1610 246 1694 Omnia
261 1595 403 1718 laetari,
425 1611 511 1722 spes
526 1607 625 1696 heu!
643 1606 710 1693 sed
725 1605 879 1719 pascere
897 1610 1044 1698 inanes.
1226 1643 1266 1705 70

95 1775 242 1862 Cuncti
257 1777 352 1862 Euri
363 1777 538 1865 volucres
553 1773 772 1888 sparserunt
787 1795 882 1862 vota
896 1804 967 1891 per
982 1804 1113 1864 auras:

93 1942 282 2056 Namque
301 1957 410 2029 ecce!
428 1944 469 2030 in
485 1940 617 2028 medio
633 1969 826 2032 conruere
842 1945 1064 2056 tepentibus
1081 1943 1183 2029 auris

93 2112 186 2222 Jam
205 2111 305 2195 viret
318 2111 448 2198 omnis
468 2137 576 2226 ager,
601 2138 690 2197 eum
708 2111 814 2197 mille
831 2111 1023 2199 coloribus
1042 2141 1134 2200 arva

92 2278 203 2365 Picio
219 2279 363 2383 nitent,
389 2277 617 2384 tenerasque
634 2278 762 2360 omnis
777 2277 857 2362 sese
874 2281 1001 2364 induit
1016 2281 1132 2366 arbos

92 2452 142 2530 In
158 2439 337 2547 frondea,
356 2441 578 2554 tolluntque
594 2457 711 2549 caput
725 2437 820 2545 sata,
836 2451 877 2528 ὅτ
894 2445 1026 2528 omnia
1043 2443 1187 2553 rident,
1226 2483 1261 2546 ⁷5

92 2617 204 2698 Tum
222 2607 350 2696 tacitis
366 2609 453 2722 spes
470 2605 646 2723 agricolis
661 2605 885 2692 accenditur
898 2611 1051 2726 ingens,

93 2787 148 2867 Et
167 2777 328 2890 cupidas
340 2777 495 2888 penitus
508 2775 671 2862 subeunt
689 2803 792 2861 nova
810 2775 951 2890 gaudia
962 2796 1122 2862 mentes

94 2945 180 3034 Ahr
195 2946 359 3032 nimium
373 2945 516 3060 ignaris
534 2944 602 3030 fibi
619 2940 726 3029 coelo
744 2964 890 3054 quanta
904 2965 1062 3055 paretur

92 3115 349 3224 Tempestas:
368 3138 535 3226 namque
552 3124 661 3196 ecce!
682 3137 795 3195 ruens
810 3111 918 3196 venit
930 3109 1088 3196 horrida
1103 3109 1269 3227 grando,

94 3289 293 3397 Spemque
308 3281 401 3367 anni
417 3309 491 3364 una
510 3277 592 3365 dies
610 3273 749 3382 aufert,
770 3296 834 3361 tot
848 3278 987 3363 acerba
1002 3255 1174 3364 labores!
1227 3303 1267 3362 aa

92 3459 209 3558 Haec,
228 3457 400 3556 Verona,
426 3467 536 3534 tuum
555 3445 741 3558 populata
757 3444 815 3530 est
832 3445 991 3530 horrida
1008 3449 1175 3562 agellum

94 3617 345 3729 Tempestas,
372 3615 439 3728 qui
456 3614 580 3699 custus
596 3637 695 3722 erat,
721 3612 789 3725 qui
803 3611 959 3696 floribus
976 3641 1134 3699 ornnem

94 3785 271 3874 Afflabat
288 3785 368 3870 late
384 3783 526 3870 circum
542 3781 645 3866 bene
659 3779 852 3866 olentibus
866 3807 989 3863 oram.

94 3959 290 4040 Grreu'ro
306 3931 636 4062 moriente,⁴perit
649 3948 762 4034 labor
779 3947 908 4032 irritus
925 3945 1052 4029 omnis
1062 3989 1075 4044 3

94 4120 262 4208 Praesrde
282 4147 375 4233 quo,
394 4121 534 4204 tollens
553 4138 668 4230 caput
685 4147 800 4204 aurea
817 4115 939 4200 sidera
957 4109 1103 4220 adibas,
1230 4137 1263 4210 ες

93 4297 161 4376 Ut
180 4287 323 4400 priscos
333 4291 415 4403 jam
435 4315 516 4374 non
533 4287 665 4374 malles
684 4295 866 4374 Zenonas
886 4281 1010 4395 apisci.

839 4455 882 4536 O
1191 4451 1270 4532 Oc·
