3170 5150
373 315 764 400 Posrrcouuur
807 320 915 402 Lis.
947 319 1022 400 111.
1181 318 1185 330 ’
1230 349 1279 416 71

112 528 253 641 Aspice
264 546 309 615 ut
326 530 483 615 exuvies
500 547 753 646 veterumque
773 531 934 644 insignia
952 530 1067 616 nobis

112 697 323 810 Aptemus:
351 723 482 784 rerum
497 699 704 812 accipimus
719 726 824 784 nuuc
843 698 946 784 clara
964 717 1136 810 reperta,

111 861 234 948 Nunc
244 865 379 952 seriem
388 883 506 978 atque
519 866 691 951 animum
701 864 1048 972 verborum,verba
1058 847 1179 980 quoq;
1190 866 1286 982 ipss:

112 1031 204 1117 Nec
219 1031 343 1143 pudet
360 1033 559 1118 interdum
572 1033 726 1116 alterius
739 1061 812 1118 nos
825 1059 897 1116 ore
913 1033 1109 1145 loquutos.
1283 1131 1287 1142 ι

112 1197 216 1284 Crun
228 1226 325 1285 vero
340 1200 453 1285 uultis
468 1197 617 1283 moliris
630 1194 734 1286 fiuta
753 1199 897 1309 poetis,

112 1363 276 1450 Cautius
293 1363 512 1480 ingredere,
539 1373 580 1449 &
595 1385 727 1474 raptus
746 1390 899 1448 memor
914 1363 1050 1448 occule
1064 1365 1180 1450 versrs

114 1533 335 1620 Verborum
355 1531 519 1638 indiciis,
545 1552 663 1643 atque
682 1531 822 1616 ordine
841 1526 932 1616 falle
947 1530 1125 1646 legentes
1243 1607 1248 1624 ,

112 1704 295 1783 Mutato:
324 1726 427 1786 nova
442 1698 489 1783 fir
502 1697 635 1805 facies,
662 1725 766 1782 nova
782 1697 939 1808 prorsus
955 1697 1100 1810 imago.
1233 1731 1290 1776 κιο

112 1870 283 1952 Munere
302 1869 390 1976 (nec
404 1827 565 1978 lorigum
582 1845 750 1974 tempus)
767 1863 832 1948 vix
852 1861 932 1974 ipse
948 1863 1112 1972 perseio
1285 1943 1288 1950 .

112 2029 237 2116 Di&
253 2033 507 2147 recognosces
522 2031 663 2118 veteris
679 2047 831 2114 mutata
848 2049 991 2139 poetae.

113 2201 227 2310 Saepe
243 2198 370 2310 palam
387 2197 545 2312 quidam
560 2197 729 2310 rapiunt,
753 2195 994 2308 cupiuntque
1013 2193 1138 2280 videri
1231 2269 1234 2280 .

113 2366 311 2452 omnibus
325 2363 524 2488 intrepidi,
550 2393 596 2452 ac
613 2360 724 2450 utto
738 2363 920 2448 utantur
939 2360 1084 2471 inipso
1126 2335 1127 2342 '
1275 2423 1279 2430 .

115 2530 425 2644 Deprenfirseu
439 2557 526 2616 cum
552 2529 680 2638 diuis,
706 2525 803 2612 nihil
821 2525 958 2610 ordine
973 2525 1099 2634 verso,
1233 2559 1285 2621 225

115 2703 257 2812 Longe
271 2699 369 2786 alios
386 2699 523 2808 iisdem
538 2695 666 2782 sensus
683 2691 781 2778 mira
796 2713 880 2776 arte
901 2689 1059 2797 dedere,

115 2871 392 2977 Emeruntque
411 2865 562 2950 animos
583 2861 792 2978 verborum
806 2861 965 2970 impune
979 2857 1153 2967 priores:

117 3033 193 3116 Seu
212 3057 303 3116 cum
315 3029 491 3116 certandi
502 3028 634 3141 priscis
653 3025 832 3114 succensa
846 3022 991 3122 libido;

116 3203 170 3282 Et
187 3199 350 3310 possessa
364 3196 444 3304 diu,
470 3196 660 3282 sedenim
679 3197 780 3280 male
797 3191 972 3296 condita,
997 3192 1110 3276 vidiis

116 3371 363 3478 Extorquere
379 3391 496 3451 manu
508 3367 633 3475 juvat,
659 3361 700 3446 iu
718 3361 929 3471 meliusque
947 3357 1113 3440 referre:
1235 3389 1294 3454 230

118 3533 205 3618 Ceu
220 3532 302 3617 sata
317 3550 547 3641 mutatoque
564 3526 648 3612 solo
660 3527 808 3612 felicius
821 3523 918 3610 olim

111 3699 328 3832 perrierus
345 3696 395 3784 ad
407 3695 554 3782 coelum
576 3692 777 3780 transsatas
794 3690 950 3806 surgere
967 3687 1134 3800 plantas.

116 3869 243 3964 Poma
258 3891 416 3980 quoque
430 3862 560 3950 utilius
573 3859 705 3946 succos
721 3860 845 3946 oblita
859 3858 1009 3970 priores

121 4034 382 4119 Proseuiunt:
410 4030 594 4146 sicregna
605 4027 718 4136 Asrae,
745 4029 958 4142 Trojaeque
973 4041 1137 4136 penates

121 4197 352 4307 Transtulit,
369 4198 542 4312 auspiciis
556 4195 742 4312 Phrygius
759 4191 983 4284 melioribus
996 4191 1113 4280 heros
1237 4221 1294 4286 ης

1244 4357 1296 4439 Id
