3138 5142
412 291 417 302 ·
461 347 760 456 Bomaroum
790 343 894 470 Lar.
928 344 960 422 1.
1246 373 1294 445 19

127 553 198 645 Ast
214 559 299 645 aliae
316 557 419 648 velut
438 564 480 644 in
495 559 649 667 nebula,
664 553 856 672 firmoque
877 559 1049 671 nigranti
1108 655 1111 662 Δ

26 797 33 860 2
123 729 247 812 Nunc
266 729 384 812 etiam
398 747 589 836 apparent
604 745 860 839 properantes
879 726 997 830 intus,
1019 735 1060 810 δι
1075 749 1212 807 omnes

21 851 23 858 Ι
123 895 200 977 Fas
219 877 339 980 oeulis
354 893 529 1004 spectare
550 895 643 1000 vias,
661 895 886 1006 variumque
904 891 1092 976 laborem.

125 1059 237 1173 Qin
254 1073 295 1148 δε
315 1062 514 1146 nonnullae
529 1061 685 1171 paribus
699 1062 922 1144 communia
941 1058 1040 1166 curis
1066 1162 1070 1168 ¹
1201 1061 1215 1102 ⁸

123 1227 324 1312 Affociant
339 1253 474 1336 opera,
501 1237 542 1312 δε
560 1225 702 1310 nebula
716 1227 946 1312 clauduntur
963 1223 1112 1310 eadem.
1237 1258 1290 1325 355

123 1393 314 1506 Qaedam
333 1379 445 1479 adeo¹
457 1393 553 1500 (visu
568 1392 758 1504 mirabile)
780 1394 879 1504 saepe
896 1385 1075 1506 repertae,

123 1563 231 1644 Dum
248 1562 419 1646 tendunt
435 1561 614 1672 superare
630 1560 737 1666 alias,
760 1561 980 1674 instantque
1001 1561 1143 1665 labori,
1228 1601 1230 1607 2
1357 1569 1360 1576 ’

121 1727 270 1835 Vitam,
295 1755 417 1839 opere
435 1729 478 1813 in
492 1729 625 1814 medio
642 1727 794 1832 clausae,
814 1727 883 1810 sub
902 1730 1022 1814 nodie
1040 1725 1199 1830 dedille,

122 1895 230 1978 Ante
247 1894 367 2000 diem,
391 1897 442 1980 ah
458 1896 626 2024 miserae!
649 1898 773 2012 jacuit
788 1897 899 1982 labor
914 1898 1167 2007 interruptus.

120 2064 243 2144 Parva
254 2089 365 2146 mora
379 2064 435 2149 est
451 2084 607 2150 tamen:
636 2083 681 2148 ut
695 2066 735 2148 se
750 2065 833 2149 aliae
847 2062 1033 2149 inclusere
1047 2061 1220 2166 latebris,
1237 2051 1298 2157 360'

12 2192 17 2201 Ι
120 2233 386 2342 Extremoque
402 2257 560 2316 manum
575 2232 764 2316 summam
783 2232 1001 2342 imposuere
1023 2217 1172 2336 labori,
1258 2199 1262 2210 .

118 2393 323 2480 Exhaustae
345 2398 544 2480 intereunt
556 2420 710 2500 omues,
736 2395 932 2506 terrasque
946 2397 1183 2508 relinquunt.
1284 2371 1292 2399 ¹

117 2569 197 2668 Ite,
220 2563 360 2646 animae
375 2559 556 2674 egregiae,
576 2561 865 2672 fortunataeque
880 2565 1072 2670 laborum,
1106 2657 1107 2660 A
1212 2577 1217 2586 ‘

118 2727 245 2813 Ultro
263 2731 305 2813 in
325 2729 410 2814 fata
424 2728 587 2814 alacres!
614 2727 727 2814 vobis
744 2735 886 2838 nem'pe
907 2729 1029 2812 altera
1043 2728 1130 2812 fato

119 2895 304 3008 Corpora
319 2895 529 3001 debentur,
554 2895 665 2982 vobis
682 2891 864 2979 miserata
881 2897 1055 3007 priorem
1237 2908 1292 2988 3⁶5

116 3061 271 3173 Eripiet
288 3061 456 3150 sormam
472 3073 618 3169 Venus,
638 3084 755 3175 atque
769 3062 821 3145 ad
835 3063 962 3148 dulcia
977 3060 1117 3147 reddet

117 3232 298 3338 lumina,
319 3243 506 3320 &aereas
524 3230 672 3316 rursum
688 3230 889 3316 revocabit
905 3233 947 3316 in
962 3258 1084 3317 auras.

187 3399 318 3484 Prima
330 3403 461 3486 Venus
478 3361 613 3483 docuit
627 3396 860 3504 bombycem
877 3399 918 3484 in
933 3401 1039 3482 tedia
1057 3393 1204 3482 referre

116 3564 311 3654 udaeam
329 3563 455 3670 sylvis,
483 3583 602 3676 atque
620 3564 722 3648 hanc
740 3565 967 3675 impendere
985 3590 1128 3649 curam.

117 3736 226 3818 Ante
245 3731 424 3818 homines
444 3731 542 3834 nati,
571 3731 707 3816 durum
725 3757 862 3844 genus,
880 3732 974 3816 ailice
993 3749 1123 3841 rupta,
1237 3761 1294 3824 3⁷0

117 3907 168 3986 In
183 3898 293 4005 sylvis
309 3897 405 3984 nudi
421 3896 619 4012 degebant
636 3925 747 3984 more
763 3899 948 4002 seratum,

117 4063 304 4154 Necdum
322 4063 421 4150 ullus
438 4065 521 4171 lini,
538 4067 704 4153 necdum
724 4064 822 4150 ullus
836 4065 986 4150 velleris
1004 4065 1102 4152 usus.

117 4239 265 4326 Verum
282 4231 379 4319 dura
396 4232 545 4340 hyemis
562 4231 761 4346 pellebant
778 4227 941 4345 frigora,
962 4231 1166 4341 nodisque

835 4398 871 4481 C
894 4429 918 4481 2
1210 4401 1296 4484 Hu-
