3138 5142
406 272 726 359 Cnammum
751 271 933 353 L1ann.
1180 301 1254 372 115

89 491 222 610 Qam
235 492 346 606 juvet
359 487 421 574 hia
439 490 506 573 sua
523 488 663 576 vastari
674 485 923 599 popusatibus
939 513 1043 594 arva,
1057 583 1061 590 ,

171 666 227 745 Et
242 659 377 744 messes
395 654 516 742 condi
531 657 572 740 in
592 656 734 740 horrea
749 653 834 741 viva
852 654 957 737 suas!

90 828 155 913 Tu
166 826 286 932 bona,
305 844 350 911 tu
363 827 529 930 interea,
551 821 700 930 Tellus,
721 848 772 907 ne
790 818 914 906 defice
926 820 1039 934 jamia

172 993 413 1093 Seminibus5
441 991 625 1104 nusquam
644 989 690 1074 sit
705 989 815 1100 prior
828 985 905 1070 ulla
921 987 1043 1100 seges.

347 1278 550 1394 Roma
592 1273 995 1376 D1scnnnns.

276 1521 418 1607 omn
444 1515 550 1606 vase!
588 1511 659 1596 tm
679 1507 807 1594 debeo
824 1507 1002 1621 plurima,
1029 1505 1137 1620 quod
1160 1502 1258 1592 mm
1361 1469 1377 1490 ”

89 1519 276 1898 R
469 1707 540 1795 n
556 1701 598 1766 ω
1036 1741 1046 1754 .

375 1855 531 1934 Partum
544 1847 601 1932 est
611 1845 785 1960 ingenuis
796 1843 956 1949 artibus,
964 1839 1068 1928 unde
1078 1839 1258 1949 habeam,

92 2023 182 2107 Nee
192 2019 275 2134 jam
289 2043 441 2133 egeam,
455 2015 629 2102 addimus
643 2012 759 2099 nulli:
778 2010 875 2096 mihi
888 2008 999 2095 idest
1013 2010 1104 2094 satis
1119 2006 1187 2092 aba
1201 2025 1259 2106 teg

93 2295 96 2302 ¹
170 2189 339 2289 Caetera,
362 2209 450 2294 qua
464 2200 621 2292 poteras
638 2181 695 2264 ms
714 2179 822 2285 dare,
847 2177 983 2290 linquo
1001 2176 1095 2260 aliis.

91 2355 252 2466 Plusque
269 2349 364 2435 meis
380 2346 501 2430 oculis
517 2343 652 2430 absens
670 2363 711 2424 te
726 2340 878 2451 semper
893 2341 1048 2446 amabo,
1240 2379 1260 2454 ίι

172 2529 228 2608 Et
242 2513 391 2631 procul,
410 2530 456 2596 ut
470 2511 632 2597 colimus
646 2507 806 2594 numina
823 2506 969 2611 sanata,
1000 2505 1138 2608 colam.

414 2757 491 2863 IN
541 2759 916 2888 Quamnam.

279 2987 544 3078 ARMINE
570 2979 664 3095 quid
688 2979 827 3094 carpis,
862 2977 929 3090 qui
956 2996 1152 3086 nunquam
1177 2995 1258 3060 cat·

95 2995 273 3372 C
455 3154 562 3238 mine
580 3145 701 3257 ladit,

377 3319 452 3404 Cui
466 3319 615 3403 numeri
631 3315 817 3418 insontes,
828 3319 869 3414 ὃς
879 3307 959 3391 fine
972 3299 1064 3390 felle
1076 3301 1258 3413 placent?

95 3501 234 3582 Unum
250 3489 293 3574 id
307 3507 348 3573 te
363 3487 523 3592 cruciat,
546 3479 653 3594 quod
667 3477 773 3591 vulgi
788 3473 996 3561 amoribus
1013 3469 1145 3576 absim,

177 3661 356 3769 Hincque
372 3653 467 3740 meis
483 3647 612 3734 tendis
630 3645 801 3736 moribus
815 3639 992 3741 infidiam

93 3838 241 3942 Meque
256 3818 548 3909 remordentem
565 3839 724 3924 cuperes
741 3833 808 3894 tua
821 3830 980 3891 cernere
997 3821 1158 3890 contra:
1241 3829 1256 3890 ς

175 3997 391 4105 Nunquam
407 3988 484 4073 hoc
498 3981 640 4074 efficies
650 4025 661 4081 ς
689 3973 854 4062 candida
871 3968 982 4066 Musa
999 3993 1085 4052 mea
1102 3965 1169 4060 est.

815 4205 889 4284 1³2
1211 4213 1261 4270 un
