3170 5150
247 304 299 376 92
459 273 649 352 Moror
692 271 1023 398 thuottrur
1069 273 1210 356 Vrou

245 489 429 576 Oblitum
442 486 570 598 patria
589 513 679 569 arva
689 485 842 596 juvant,
869 495 910 570 δι
924 483 1065 594 pascua
1080 503 1236 582 tautum

243 653 374 744 Tusca
390 655 464 740 tibi
479 652 590 738 cordi
609 651 715 736 Latii
733 679 807 764 pro
823 650 1030 764 pinguibus
1046 655 1163 768 agris,

246 824 415 936 Antiqui
429 823 549 928 Latii,
572 833 613 908 &
632 849 706 932 pro
721 819 824 906 flavo
838 819 1045 928 Tyberino

245 992 396 1078 Dileoi
413 991 516 1102 ripas
533 985 723 1098 formosas
740 987 882 1074 accolis
897 985 1023 1088 Ami3

246 1166 323 1245 Seu
338 1159 410 1246 tibi
432 1157 604 1274 (quando
622 1177 764 1272 urgent
781 1156 832 1244 fic
850 1155 995 1241 Divum
1012 1157 1135 1242 tristia
1144 1157 1256 1272 juffa)
1388 1187 1420 1248 ις

247 1335 361 1440 Saepe
378 1329 512 1414 animo
529 1327 697 1413 occurrit
711 1355 828 1438 quam
847 1323 1009 1437 pinguia
1023 1325 1181 1437 liqueris
1195 1349 1300 1432 atra,

247 1500 433 1609 Dumque
447 1521 576 1578 acrem
590 1489 729 1578 frustra
746 1520 922 1603 querens
937 1491 1062 1576 lenire
1081 1491 1260 1578 dolorem

249 1643 430 1779 secretos
446 1662 554 1746 lucos
571 1659 685 1764 solus,
712 1661 859 1742 secreta
874 1683 1050 1766 pererras

247 1829 422 1934 Littera,
441 1823 493 1910 ad
510 1823 584 1909 hos
599 1825 692 1938 coeli
707 1825 906 1910 convertis
920 1826 1068 1912 lumina
1085 1831 1247 1936 trastut,

247 2007 303 2090 Et
317 1997 458 2080 tacitus
475 2017 606 2081 tecum
621 1993 730 2098 dicis,
757 2020 845 2080 mea
859 1993 1001 2107 gaudia
1017 1997 1129 2082 tellus
1386 2031 1426 2080 ao

249 2163 323 2249 Illa
339 2163 472 2271 habet,
497 2161 564 2246 illa
581 2189 691 2247 meos
706 2161 827 2276 longe
843 2161 957 2275 plaga
973 2163 1102 2248 servat
1116 2191 1281 2252 amores.

249 2329 428 2442 Daphni,
452 2351 538 2418 tuos
553 2329 832 2438 qbituanostrit
846 2329 1101 2416 inmontibus
1116 2329 1192 2418 urfi

252 2495 448 2598 Informea
464 2524 668 2614 gemuere:
695 2499 791 2582 fere
809 2497 924 2584 lustra
941 2497 1021 2582 alta
1040 2515 1222 2594 tenentes

251 2666 409 2754 Audite
426 2667 548 2754 aereis
564 2667 607 2755 in
623 2666 830 2758 verticibus
847 2664 1016 2752 ululaffe.

251 2831 327 2936 His
342 2831 477 2946 paffioy
492 2833 617 2920 audiri
631 2833 721 2918 leta
735 2833 831 2920 olim
850 2833 1024 2919 carmina
1039 2831 1082 2920 in
1096 2835 1192 2944 oris,
1388 2865 1426 2930 ις

254 3001 517 3118 Carminaque
532 3010 574 3086 ὅτ
590 2997 933 3110 dulcetpastorum
954 2997 1108 3112 semper
1123 3029 1288 3088 amores.
1448 3007 1453 3016 '

254 3171 376 3252 Nunc
389 3167 533 3252 cirmm
548 3167 772 3251 filetomnia
787 3191 894 3280 ager,
915 3169 1170 3280 nuncpascna
1183 3191 1319 3256 muta:
1408 3237 1412 3244 .

255 3331 354 3456 Haec
369 3335 496 3419 subito
510 3335 624 3448 liquit
638 3358 767 3420 tecum
784 3337 913 3421 omnia
928 3361 1017 3422 rura
1028 3337 1220 3448 voluptas.

256 3505 334 3588 Hic
346 3503 495 3612 aderas,
514 3504 677 3590 aderant
691 3505 797 3588 fimul
816 3517 857 3592 &
872 3505 1040 3612 fluvialia
1058 3503 1255 3616 Nymphae

256 3670 446 3776 Numina,
466 3671 814 3786 Nympharumque
831 3673 953 3756 timor
968 3699 1039 3782 per
1054 3673 1187 3758 littora
1197 3674 1343 3758 Fauni:
1389 3711 1430 3774 ,ο

257 3841 363 3952 Hinc
377 3839 482 3954 abes,
501 3840 592 3953 hinc
608 3841 746 3932 absunt
757 3839 865 3922 simul
880 3851 921 3926 δε
940 3839 1106 3924 fluvialia
1120 3839 1318 3952 Nymphae

259 4009 448 4114 Numina,
462 4007 810 4132 Nympharumque
827 4009 946 4090 timor
963 4031 1033 4115 per·
1048 4008 1183 4092 littora
1199 4007 1334 4092 Fauni.

259 4171 435 4298 hormosq
453 4175 494 4298 hi
510 4197 637 4290 tecum
654 4195 821 4280 montes,
842 4173 1089 4290 formosaque
1105 4197 1237 4292 prata:
1369 4212 1373 4218 ¹

1361 4345 1428 4428 Te
