3138 5142
308 325 382 376 ιοο
544 291 719 372 Miner
746 289 1066 372 Hrtrtorrtnr
1091 289 1234 376 Vrun

306 515 484 592 Innatus
502 529 589 590 cunr
606 523 739 588 tantus
756 529 879 610 amer,
905 529 991 590 curn
1008 521 1121 588 tanta
1136 519 1349 614 petentum

308 677 367 762 Sit
383 677 519 797 pietas,
545 669 681 783 quibus
699 689 745 754 ut
757 669 980 782 proferrent
993 667 1091 778 fatu,
1117 671 1292 760 subirent

307 840 383 952 Ipsi
401 839 504 930 mille
519 864 647 944 neces,
673 839 967 952 necquicquam
980 835 1037 924 est
1050 833 1179 945 dulce,
1190 842 1411 953 peremptis
1550 917 1553 962 r

309 1004 558 1120 Pignoribus:
586 1020 760 1092 niterent
777 1003 879 1114 orbi,
904 1004 1102 1116 uitamque
1117 1025 1322 1092 morantur
1422 1039 1478 1100 ιις

309 1174 488 1280 Invisum,
502 1172 558 1258 nil
571 1171 759 1262 debentes
774 1171 993 1258 coelestibtu
1007 1169 1121 1256 nuris.

308 1337 474 1448 Idcirco,
501 1361 545 1426 ut
560 1339 697 1426 durant
712 1341 813 1426 natis
828 1355 1002 1426 avertere
1019 1335 1165 1448 puffint

308 1507 549 1620 Pauperiem,
574 1505 826 1620 miseramque
841 1505 999 1612 fumetn,
1024 1521 1091 1590 tot
1104 1501 1213 1593 edire
1226 1503 1384 1598 iabores

310 1675 529 1778 Cernimus,
555 1682 598 1758 &
612 1673 729 1760 certir
746 1672 853 1759 ultro
868 1671 908 1758 se
921 1671 1062 1758 offerre
1080 1669 1246 1782 periclis.

309 1844 408 1927 Non
425 1869 493 1931 me
505 1839 606 1954 eden
622 1839 725 1954 fugit
739 1839 908 1953 quantis,
925 1859 1039 1952 pater
1055 1837 1221 1950 optime,
1237 1838 1341 1926 curis
1428 1871 1481 1922 ιιι

313 2005 473 2112 Anxius,
499 2025 568 2090 aur
585 1991 736 2118 quinto
753 2001 980 2118 indulgebas
999 2007 1136 2118 sponte
1150 2003 1291 2114 labori,

313 2176 376 2256 Ut
390 2171 484 2258 mihi
499 2199 561 2258 res
578 2189 714 2260 tenues
728 2195 801 2284 per
817 2192 883 2258 tot
899 2171 1117 2260 discrimina
1129 2195 1259 2259 rerum

313 2340 493 2452 Eriperes
510 2338 629 2426 tentit
644 2337 835 2428 beliorum
851 2337 1045 2450 turribus,
1071 2337 1188 2424 urnii

313 2505 561 2614 Dandum,
587 2505 679 2592 lieet
696 2507 800 2594 irent
818 2523 998 2618 tempora
1013 2501 1123 2613 dura,
1149 2507 1308 2620 periret.

315 2673 384 2754 Tu
399 2699 566 2786 quoque,
583 2671 714 2762 saner
728 2695 882 2786 parens,
900 2673 1013 2761 variis
1031 2673 1200 2760 exercitt
1213 2676 1313 2763 curis
1353 2719 1357 2726 ·
1431 2709 1483 2776 ιιι

317 2841 394 2920 Pro
406 2857 504 2923 nato
522 2865 618 2952 quar
634 2867 717 2926 non
735 2867 833 2946 arte,
859 2867 945 2952 quae
960 2869 1044 2926 non
1056 2841 1164 2929 sacra
1182 2840 1314 2929 adibas

318 3003 486 3120 Templa
501 3015 509 3084 t
535 3005 671 3118 quibui
686 3033 769 3090 non
786 3027 880 3092 tunc
893 3007 1084 3096 onerabas
1098 3007 1244 3098 ethera
1259 3004 1378 3114 vetit,

319 3169 426 3259 Caro
440 3171 577 3262 cinea
593 3170 734 3256 timens
749 3171 882 3284 capiti,
907 3172 1015 3260 bont
1028 3177 1168 3264 eunde
1185 3187 1366 3286 precata!

319 3338 382 3418 Ut
400 3336 498 3421 mihi
512 3333 563 3426 ed
577 3338 763 3452 ingenuas
781 3339 927 3431 nitenti
943 3339 1107 3453 desuper
1121 3361 1226 3428 atter

320 3502 514 3586 Auxilium
528 3496 646 3610 foret,
675 3515 716 3592 dt
730 3503 1137 3620 favetomnipotentit
1155 3509 1350 3620 Olympi,
1437 3535 1492 3604 ¹³⁶

321 3673 375 3749 Et
391 3665 473 3752 fors
488 3669 607 3783 usque
626 3697 756 3762 comer
770 3673 957 3760 crescenti
975 3676 1116 3762 innexa
1130 3676 1284 3762 veniret

322 3833 480 3942 Virtuti,
507 3863 592 3948 que
611 3865 684 3940 nos
700 3837 751 3924 ad
765 3867 861 3952 opes
883 3841 1039 3928 efferret
1054 3844 1188 3930 avitas:

321 4001 528 4112 Praecipue,
543 4003 639 4088 mihi
654 4032 704 4092 ne
721 4008 878 4094 macule
893 4007 947 4091 ob
960 4008 1145 4122 contagia
1161 4029 1309 4122 turpes,

322 4173 403 4262 Aut
420 4171 538 4262 animi
555 4171 693 4284 pestes,
719 4173 999 4295 tommerciave
1016 4173 1092 4260 ulla
1109 4195 1328 4281 nocerent,

1415 4344 1496 4431 Sed
