3138 5142
428 325 750 410 Cnnmruum
774 323 956 409 Lrsun.
1201 345 1275 424 m

114 539 331 646 Moenibus,
357 556 475 652 atque
492 539 599 624 orbis
613 541 733 651 raptis
750 538 893 651 aspiret
912 539 1100 643 habenis3

113 705 232 793 Haud
248 727 380 794 tamen
396 704 477 819 ipse
494 707 611 794 velim
624 705 736 819 super
754 705 813 792 his
830 729 871 792 te
887 710 1009 794 multa
1023 709 1173 796 moueri

111 875 234 958 Nunc
248 873 429 986 primum,
445 873 661 986 prunasque
679 901 813 985 preces
832 876 1057 989 consumpse
1072 877 1281 991 precando.

113 997 219 1122 suns
232 1041 309 1146 am,
335 1039 471 1153 quibus
487 1039 570 1126 ιω
587 1068 702 1148 cns,
729 1060 821 1127 toto
837 1041 1129 1132 aetneremvr..
1224 1079 1280 1142 ως

113 1203 203 1316 Ipsa
214 1205 294 1291 Dei
313 1203 497 1320 genitrix,
523 1205 616 1293 coeli
630 1208 778 1322 regina,
795 1211 943 1322 periclo
1386 1167 1391 1180 Ι

114 1371 218 1457 Huic
230 1372 368 1479 aderit,
394 1375 553 1487 natique
569 1374 688 1486 pedes
703 1377 906 1487 complexa
918 1377 1116 1461 Tonantis

112 1543 204 1625 Nos
221 1561 329 1624 tutos
348 1539 470 1646 dabit,
498 1539 768 1650 stuprasset,
793 1542 845 1628 ad
862 1543 946 1628 otia
964 1543 1117 1652 reddet,

112 1709 205 1791 Nec
219 1705 316 1791 fines
331 1708 454 1792 everti
470 1709 533 1793 sua
551 1727 615 1792 tot
631 1707 805 1816 delubra,
831 1729 897 1794 tot
915 1737 1012 1796 aras.

112 1873 307 1982 severo,
333 1901 421 1987 quae
438 1901 531 1960 cura
545 1875 634 1981 fuit,
660 1873 754 1960 dum
771 1875 857 1961 vita·
869 1877 1067 1988 manebat,
1225 1917 1281 1964 κιο

112 2045 163 2124 ln
181 2042 309 2150 terris,
335 2039 472 2128 eadem
490 2041 585 2128 coeli
600 2043 713 2154 super
729 2041 830 2126 astra
841 2025 1032 2156 sequntur.

112 2206 253 2320 Aspice
271 2239 344 2296 nos
360 2209 533 2321 propius,
559 2233 719 2324 quaeque
737 2211 840 2294 intus
857 2209 961 2298 bella
974 2173 1147 2328 fatigant

113 2372 332 2460 Convulsos
347 2371 499 2460 animos
515 2371 704 2482 propiora
719 2392 851 2456 averte
866 2374 1021 2482 pericla.

113 2538 197 2626 Scis
219 2539 314 2654 quid
330 2565 442 2652 opus,
468 2536 606 2623 nostris
624 2534 717 2649 quid
734 2556 887 2623 tantum
903 2540 1096 2630 mentibus
1114 2545 1256 2658 obstet,

113 2709 211 2818 Scis,
226 2721 358 2822 pater!
378 2719 419 2793 δι
434 2731 567 2790 coram
583 2703 681 2790 flens
697 2728 847 2788 mecum
863 2730 905 2788 es
919 2704 1019 2818 saepe
1034 2707 1197 2800 locutus.
1224 2745 1277 2808 εις

113 2877 223 2963 Luce
241 2903 345 2962 nova
359 2873 569 2962 adveniens
584 2870 742 2956 illustres
755 2872 916 2981 pestora
931 2873 1077 2981 nostra,

115 3047 181 3128 Ut
196 3043 315 3130 nostri
332 3043 404 3132 ah!
420 3041 597 3147 nimium,
619 3051 660 3126 sc
679 3039 897 3124 nostrorum
914 3039 1253 3150 semperamorem
1304 3143 1309 3154 ,

112 3212 248 3317 Exuti,
275 3239 320 3296 ac
336 3211 427 3294 vitae
442 3234 550 3294 curas
565 3207 738 3291 mortalis
753 3208 887 3291 inanes

115 3376 259 3485 Obliti‚
278 3404 414 3462 vacuas
432 3375 611 3459 tollamus
628 3372 678 3458 ad
695 3371 841 3458 aethera
857 3391 1036 3474 meotes,

116 3547 251 3660 Atque
274 3543 329 3628 ibi
344 3568 549 3658 regnemus
566 3539 697 3649 securi,
724 3538 778 3622 ibi
793 3539 924 3626 nostra
939 3539 1111 3626 locemus
1223 3581 1280 3626 »ιο

116 3713 292 3822 Sceptra,
315 3707 518 3794 hominum
534 3706 658 3791 varios
676 3733 873 3818 nunquam
892 3707 1107 3792 metuentia
1125 3705 1253 3812 casus}

115 3881 261 3994 Qove
277 3903 413 4000 graves
429 3895 542 3988 pater
555 3873 806 4002 omnipotens
824 3891 1060 3982 attemperet
1075 3873 1163 3978 iras,

116 4047 208 4132 Nec
221 4063 341 4131 novet
354 4041 508 4130 excidiis
524 4069 586 4126 res
599 4039 724 4128 versas
741 4035 912 4124 fimditus
927 4067 1078 4146 omnes,

116 4209 195 4322 Ipsi
214 4241 285 4298 nos
299 4209 413 4314 versis
433 4235 662 4297 renovemus
677 4205 872 4292 mentibus
889 4205 1005 4290 ultro.

1191 4379 1280 4458 Mu·
