3170 5150
439 369 750 451 nonencort
795 365 900 445 Lru.
927 367 961 444 l.
1265 395 1290 458 7

117 585 296 696 Expecta
311 613 400 670 cum
423 585 541 694 plena
556 581 708 687 animis,
733 609 824 666 cum
842 577 989 664 lumine
1006 578 1117 690 largo
1253 611 1292 672 rr

119 753 222 838 Solis
242 753 292 836 ab
306 754 399 867 igne
416 771 584 856 tumens,
611 751 810 860 altumque
832 773 905 860 per
921 745 1070 831 aethera
1087 747 1213 852 recta,

119 921 262 1032 Carpit
276 921 365 1026 iter,
391 918 633 1031 fratremque
651 917 770 1002 audet
786 916 826 1002 se
845 915 1027 999 attollere
1050 935 1204 1004 contra.

117 1088 226 1172 Tum
244 1083 304 1172 sas
321 1089 493 1189 foetura,
506 1105 590 1169 tum
604 1081 748 1195 justum
764 1083 990 1170 incumbere
1005 1101 1187 1196 tempus:

119 1251 453 1370 Qandoquidem
470 1250 616 1336 validas
630 1248 817 1333 crescenti
832 1277 857 1332 a
871 1249 1017 1335 lumine
1032 1251 1137 1339 vires

121 1425 279 1508 Semina
300 1421 526 1531 concipiunt
548 1417 755 1530 genitalia:
784 1439 869 1502 tum
889 1418 996 1502 favet
1012 1419 1151 1526 aether,

120 1593 395 1704 Majoremque
413 1584 575 1670 trahunt
594 1583 792 1670 nascentia
809 1586 987 1670 membra
1001 1587 1192 1702 uigorem.

203 1760 301 1874 Qo
320 1756 454 1842 foreas
468 1771 601 1837 autem
622 1755 766 1865 pasto?
793 1779 880 1836 mos
900 1754 982 1864 ipse
999 1751 1162 1840 fovendi

119 1925 239 2014 Haud
260 1923 437 2037 fimplex:
468 1920 558 2006 sunt
574 1948 661 2033 quae
684 1919 812 2006 calido
826 1919 896 2004 sub
914 1919 995 2006 sole
1010 1921 1235 2037 relinquunt

120 2099 227 2200 Ova,
255 2119 391 2178 recens
404 2088 534 2175 donec
547 2089 672 2174 foetus
691 2088 732 2173 in
746 2087 901 2174 luminis
917 2115 1028 2175 auras

121 2261 336 2347 Ptodierit:
365 2277 409 2342 tu
425 2255 553 2342 conde
567 2255 648 2340 sunu
662 2253 854 2342 velamine
872 2258 993 2362 tecla,
1261 2279 1296 2354 ες

120 2433 211 2514 Nec
231 2423 376 2538 pudeat
399 2422 527 2506 roseas
547 2423 650 2506 inter
668 2365 804 2507 fouiffe
820 2421 994 2532 papillas,

121 2597 165 2680 Si
189 2614 231 2679 te
251 2593 380 2706 tangit
394 2587 536 2694 honos,
564 2599 605 2674 δι
620 2587 710 2672 flavi
728 2588 855 2700 gloria
871 2587 938 2671 lili.

116 2764 306 2873 Cumque
322 2759 405 2843 dies
423 2755 600 2868 alterque
619 2753 702 2838 dies
722 2753 962 2868 procefferit,
987 2771 1102 2842 ecce!
1230 2741 1237 2750 ⁸

121 2928 297 3014 Cernere
314 2927 390 3012 erit
407 2923 545 3010 formis
567 2921 782 3007 animantia
800 2919 951 3009 fervere
968 2925 1089 3010 min's.

122 3097 232 3180 Ante
246 3121 345 3207 opur
361 3117 482 3180 omne
498 3111 633 3176 tamen
652 3111 747 3202 pete
763 3093 956 3218 matutina
970 3095 1152 3178 Deorum
1260 3117 1300 3195 90

122 3259 294 3368 Limina,
320 3263 456 3375 ferque
471 3285 607 3372 preces
625 3257 802 3371 supplex,
827 3259 1017 3374 nivisque
1036 3259 1154 3346 litato

123 3425 351 3540 Auspicibua
367 3427 597 3513 conmotam
613 3453 790 3538 operum,
817 3453 906 3514 cum
922 3453 1038 3514 mane
1055 3427 1235 3520 sacerdos

125 3594 323 3680 sinceram
344 3596 544 3700 Cererem,
571 3603 614 3680 &
629 3597 814 3678 Lenaeum
839 3595 937 3680 libat
954 3595 1160 3687 honorem.

123 3762 217 3846 Nec
231 3791 314 3848 non
336 3761 464 3848 lanicii
482 3759 622 3848 florem
641 3761 834 3848 velamina
853 3766 978 3876 prima

125 3927 339 4038 Suspendes
356 3928 535 4040 templis:
563 3947 745 4014 auertunt
760 3932 897 4016 omnia
917 3927 1025 4020 soetu
1261 3967 1296 4028 η

126 4102 295 4194 Munere
316 4097 459 4211 placati
474 4097 609 4208 Superi
624 4098 740 4204 mala,
765 4093 927 4212 frigora,
953 4109 994 4184 &
1011 4099 1136 4205 aestua,

124 4265 179 4350 Et
193 4289 281 4378 quac
296 4265 420 4353 multa
434 4261 562 4352 solent
583 4262 767 4371 bombyci
788 4265 928 4350 instare
942 4262 1099 4379 pericla.

1235 4437 1300 4516 In-
