3138 5142
425 319 715 424 scaccarii,
741 318 938 402 Lupus.
1217 353 1269 424 55

98 537 178 622 Hic
192 561 278 620 moa
296 531 487 643 certandi,
512 531 596 618 haec
610 533 703 618 belli
722 531 978 645 antiquiffima
991 533 1091 648 jura.
1119 619 1128 636 ¹,

100 705 222 788 Nunc
238 700 359 802 aciem
372 702 478 818 inter
491 699 531 788 se
546 718 741 812 certantes
760 699 910 785 cernite
925 717 1143 815 utramque.

183 872 246 955 Sic
261 872 338 954 ait:
367 889 409 954 at
427 870 640 983 (quoniam,
666 825 822 980 quoties
838 867 924 951 fera
940 866 1042 952 bella
1059 868 1230 983 fatigant

100 1039 307 1142 Mortales,
330 1037 468 1147 Superi
487 1034 618 1120 studiis
636 1031 784 1120 diversa
796 1035 977 1121 foventes
1222 1075 1274 1130 170

102 1202 178 1314 Ipsr
194 1206 315 1287 etiam
331 1201 437 1288 inter
452 1201 531 1286 sese
545 1200 859 1316 odiis-bellantur
875 1203 1029 1316 iniquis,

89 1357 352 1483 'Maximeque
371 1367 566 1454 interdum
587 1387 678 1452 toto
695 1366 836 1472 ardent
853 1369 986 1479 praelia
999 1369 1128 1480 coelo)

101 1537 287 1648 Juppiter
308 1538 561 1648 omnipotens
578 1536 678 1620 solio
694 1561 763 1619 rex
776 1530 880 1618 fatus
895 1533 946 1618 ab
961 1536 1045 1620 alto

101 1707 256 1787 Omnes
272 1703 485 1788 abstinuiffe
502 1703 615 1816 jubet
631 1701 858 1786 mortalibus
877 1703 1007 1814 armis,

103 1873 235 1982 Atque
250 1869 377 1980 minis,
399 1895 450 1954 ne
464 1897 581 1982 quam
598 1867 775 1976 foveant,
794 1889 988 1982 perterret
1005 1869 1166 1954 acerbis.
1222 1907 1272 1988 ης

101 2035 208 2122 Tum
219 2038 412 2126 Phoebum
426 2058 543 2124 vocat
556 2036 768 2144 intonsum,
784 2037 1030 2150 Atlantisque
1045 2055 1250 2148 nepotem,

101 2205 312 2320 Egregium
329 2207 438 2290 furto
454 2203 610 2324 peperit
627 2229 747 2314 quem
764 2205 931 2290 candida
943 2206 1065 2315 Maia,

102 2369 276 2482 Insigncs
292 2369 429 2454 ambos
443 2367 557 2487 facie,
584 2367 872 2456 &florentibus
890 2371 1015 2453 annis.

102 2534 296 2620 Nondum
314 2535 530 2620 Mercurius
548 2532 695 2618 levibus
714 2534 851 2619 talaria
867 2535 1010 2646 plantis
1044 2634 1048 2642 ¹

103 2700 341 2786 Addiderat:
371 2700 546 2786 nondum
561 2700 723 2786 Titania
738 2699 884 2785 lumina
900 2699 1043 2814 agebat
1224 2731 1277 2788 no

102 2873 178 2951 Per
193 2867 392 2982 liquidum,
417 2895 530 2954 curru
545 2828 771 2982 gemmatop
787 2866 959 2984 Phoebus
972 2869 1201 2978 Olympum,
1252 2917 1264 2966 ,·

102 3037 278 3123 Tantum
291 3033 474 3122 humeros
488 3036 672 3147 pharetra
688 3034 857 3150 infignis,
878 3034 1098 3121 &crinibus
1112 3039 1247 3123 aureis.

104 3205 192 3286 Hos
209 3221 322 3311 pater
339 3201 503 3286 adversis
522 3203 624 3287 solos
640 3201 850 3286 decernere
861 3198 966 3314 juffit

103 3372 216 3453 Inter
231 3367 272 3452 se
290 3365 433 3472 itudiis,
460 3377 501 3453 dt
519 3364 662 3454 ludicra
679 3367 782 3452 bella
798 3368 947 3474 fouere,

104 3539 164 3619 Ac
183 3555 313 3646 partes
331 3534 450 3616 tutari
466 3533 614 3642 ambas,
639 3560 734 3646 quas
750 3535 868 3650 veliet
885 3555 1070 3650 uterque:
1222 3561 1271 3633 1⁸5

103 3704 277 3787 Necnon
294 3698 496 3812 proposuit
513 3699 649 3785 vidoni
665 3699 822 3812 praemia
839 3699 969 3814 digna.

103 3869 175 3955 Dii
193 3869 324 3982 magni
343 3865 490 3952 sedere:
514 3870 647 3952 Deum
662 3868 737 3952 stat
756 3864 870 3951 turba
889 3867 1084 3951 minorum

104 4033 364 4120 Circumfusa:
392 4054 534 4120 cavent
548 4033 616 4118 sed
633 4035 736 4148 lege,
761 4043 802 4119 dt
819 4029 974 4118 foedere
993 4033 1124 4142 padio,

104 4205 173 4288 Ne
192 4199 405 4316 quisquam,
433 4227 529 4290 voce
547 4219 614 4286 aut
632 4219 744 4306 nutu,
771 4197 992 4284 ludentibus
1007 4197 1103 4284 aufit

1089 4365 1272 4454 Praeuisos
