3138 5142
304 373 357 462 96
538 352 718 432 Miner
742 343 1064 430 Htuxouuut
1088 332 1227 421 thn

302 569 524 684 Optabam:
552 559 698 650 cantus
714 557 772 642 sat
789 553 1040 641 eratfastum
1055 549 1228 664 undique
1246 547 1363 652 votis,
1435 577 1475 622 ω

303 749 358 830 Et
371 736 496 854 digito
512 732 605 828 coeli
617 727 845 840 contingere
858 721 1007 812 summa
1021 717 1195 812 videbar.

303 915 428 998 uacet
454 919 617 1014 repente
632 914 764 981 autern
778 888 942 976 strident
957 887 1126 974 infibilat
1142 895 1281 993 Eurus,

307 1081 477 1186 AEquora
494 1067 711 1170 turbantur,
736 1079 930 1172 portuque
949 1055 1095 1176 ¹auellor
1111 1053 1161 1138 ab
1179 1053 1278 1165 ipso.

306 1251 431 1334 Ecce!
463 1253 627 1348 repente
645 1257 760 1328 tuens
776 1225 872 1316 mihi
886 1223 1045 1312 acerbus
1062 1222 1240 1310 vulnerat
1254 1245 1365 1308 aures

307 1407 495 1513 Nuntius,
521 1421 635 1515 atque
650 1397 786 1484 ambus
800 1393 918 1480 docet
932 1389 1088 1482 amififft
1105 1408 1309 1502 putentem
1439 1418 1475 1478 ις

311 1581 417 1664 Ante
431 1570 587 1687 quidem
605 1566 838 1680 genitorem,
853 1585 994 1673 egram
1009 1557 1139 1644 subito
1153 1557 1246 1642 inde
1256 1573 1478 1666 parentem:

309 1743 487 1831 Fulmine
505 1765 585 1850 quo
601 1732 745 1845 duplici
763 1729 911 1816 afflatus
924 1729 1055 1840 jdceo:
1083 1725 1212 1810 omniu
1228 1723 1310 1822 abit
1325 1748 1451 1826 mene,

312 1911 455 1996 Omnis
473 1919 514 1994 fle
529 1903 697 1992 exanimi
711 1898 812 2011 firgit
827 1897 877 1983 de
895 1921 1062 2004 corpore
1078 1894 1216 1979 sensus.

312 2083 402 2164 Heu
415 2075 573 2188 genitor
584 2067 678 2154 mihi
688 2063 884 2176 adempte!
899 2089 1040 2174 repent
1050 2061 1124 2146 beu
1141 2077 1269 2150 mater
1279 2059 1475 2170 dempta!

312 2247 409 2332 Non
428 2269 507 2356 ego
524 2265 593 2324 vos
609 2233 781 2346 posthac,
808 2259 891 2316 non
906 2231 1068 2341 amplius
1085 2255 1155 2315 ore
1170 2225 1316 2313 uidebo
1439 2257 1475 2320 ,ο

315 2412 431 2494 Cara!
448 2406 565 2492 semel
581 2404 714 2495 saltem
731 2403 796 2486 ah!
816 2397 976 2484 licuiss'et
991 2415 1200 2509 utrumque
1217 2397 1317 2482 tueri

318 2579 422 2688 Ante
437 2574 580 2678 obitur,
606 2571 806 2682 vestraque
822 2565 954 2656 oculor
971 2562 1141 2652 saturare
1158 2563 1300 2676 figura,

316 2741 605 2856 Congreffiique
627 2733 716 2844 frui,
737 2734 889 2848 farique
903 2731 1104 2824 noviffirnt
1117 2732 1258 2818 verba!

301 2909 381 2995 vAh
396 2908 527 2996 dolor!
558 2905 609 2988 ah
622 2905 766 3016 pietas!
794 2931 878 2986 non
894 2898 992 2984 fleus
1009 2899 1217 2984 morientia
1231 2897 1344 3009 preffi

317 3077 496 3180 Lumina,
517 3072 718 3158 funereum
733 3097 816 3152 non
828 3067 910 3153 sum
929 3068 1137 3153 comitatus
1151 3067 1371 3152 honorent
1441 3099 1475 3164 tt

317 3247 417 3332 Non
434 3239 546 3352 potui
563 3237 689 3322 vestro
707 3233 817 3320 vobit
835 3237 1069 3346 intempore
1084 3233 1210 3318 adeffe

318 3413 460 3494 Gratus
476 3407 560 3491 luce
574 3407 709 3518 magis,
735 3405 816 3516 vita
830 3402 1035 3526 jucundior
1050 3403 1150 3514 ipsa!

315 3581 415 3668 Non
432 3577 546 3690 potui
562 3573 675 3660 tobit
692 3572 907 3683 sptthbilit
922 3568 1104 3676 affulfiise,

317 3746 422 3830 Cum
437 3742 532 3829 mihi
549 3759 703 3828 mutato
718 3741 828 3826 eursu
840 3739 1000 3824 fortuna
1013 3739 1166 3823 veniret

315 3913 477 4017 Laetior,
500 3922 542 3998 &
556 3936 751 4021 nunquam
769 3925 928 4018 optatos
945 3903 1105 3991 offerret
1119 3905 1314 3994 honoret!
1443 3941 1480 3998 ⁴0

317 4081 431 4188 Qus
446 4077 524 4162 adii
539 4076 653 4166 vestri
668 4095 819 4160 tentum
836 4031 1000 4179 memor,
1027 4073 1128 4160 haud
1143 4072 1237 4164 mihi
1252 4099 1429 4184 parcens,

318 4245 393 4327 Cui
410 4243 590 4354 placitum
607 4243 725 4329 Musis
744 4241 874 4352 potius
890 4241 1090 4326 traducere
1110 4241 1230 4329 vitam

1346 4407 1483 4495 Fixum
