3138 5142
321 391 371 460 90
562 361 730 442 Mutet
756 355 1071 438 Hrnuourur
1098 355 1239 440 thu

321 577 530 686 vitamque
544 571 704 656 tandem
721 569 847 678 affers,
875 571 997 654 amice
1009 569 1201 678 euntibus,

401 739 574 828 Adversa
588 765 682 822 vero
698 737 876 822 lustibus.

321 907 402 995 Tui
419 905 526 993 sunul
538 913 646 992 Mars
663 901 832 986 hauserit
846 901 956 1012 pedis
973 900 1109 987 sonum

403 1073 576 1159 Facess'et
590 1071 680 1156 hinc
696 1068 929 1154 celerrimus.

320 1239 440 1326 Simul
458 1238 658 1352 quiescent
674 1235 794 1344 ntra,
819 1235 956 1341 cedes,
975 1235 1132 1320 vulnera

404 1411 574 1522 Strages,
596 1407 732 1510 ruinae,
748 1349 941 1508 incendit,

136 1613 143 1627 ·
321 1575 408 1658 Tot
421 1573 610 1657 orbitates
628 1573 852 1677 liberorum,
879 1588 943 1654 tot
957 1567 1098 1679 stupra,
1272 1623 1281 1641 .

230 1701 261 1744 α’
288 1747 290 1752 ’
401 1739 615 1852 Crebrique
631 1759 764 1850 raptus
778 1736 983 1849 virginum.

321 1905 412 1992 Nec
428 1905 605 1990 audietur
622 1905 785 2014 amplius
800 1904 961 2018 clangor
976 1901 1080 1988 tubae

403 2071 517 2160 Viros
535 2070 670 2154 cientis
690 2068 740 2154 ad
756 2094 907 2177 necem,

323 2240 587 2351 juvenemque
601 2235 780 2321 vellenris
794 2235 948 2324 tenelle
962 2237 1013 2322 ab
1026 2235 1199 2350 conjugis

405 2405 570 2488 Gremio
585 2423 693 2488 metu
707 2405 917 2516 inspersum
932 2429 1064 2520 genes.

325 2571 440 2684 Qae,
455 2569 641 2683 pluraque
655 2573 726 2656 viri
752 2569 974 2657 inviderent
988 2571 1196 2684 principes,

406 2739 508 2822 Cum
524 2737 625 2822 bella
641 2739 756 2823 initio
774 2739 966 2852 cogitant,

325 2903 400 2992 Vel
415 2903 661 3011 abstinerent,
685 2903 748 2989 vel
765 2903 956 3016 quibusvis
970 2925 1165 3016 ponerent

191 3031 197 3046 ⁹
405 3078 503 3156 Mox
517 3090 652 3182 coepta
665 3067 981 3173 conditionibus3

324 3239 467 3350 Neque
486 3262 554 3320 eos
568 3235 703 3342 libido,
731 3263 857 3351 neque
876 3238 977 3323 adeo
995 3259 1130 3354 egeret
1145 3239 1283 3355 glotis,

408 3402 959 3514 Utperderentcaeciomnia.
1449 3429 1483 3485 so

326 3569 410 3654 Istis
425 3567 454 3652 sr
469 3595 547 3684 ego
561 3569 611 3652 ab
627 3571 737 3655 malis
752 3571 888 3682 procul
902 3571 1060 3657 tandem
1074 3570 1215 3658 sbfiem

407 3734 698 3848 Tranquillitati
715 3735 901 3843 redditus,

251 3887 252 3890 Ὺ
327 3902 566 4028 Viderunque
583 3901 799 4014 pendentes
813 3927 968 3990 acervos
982 3902 1111 4020 arduis

409 4074 612 4155 Scutorurn
636 4069 776 4182 ubique
792 4067 975 4179 postibus,

326 4235 567 4318 Araneorum
583 4233 648 4318 fila
663 4261 759 4346 quos
776 4233 1007 4320 obduxerint
1450 4257 1479 4324 ⁶5

406 4399 555 4514 Nigroe
572 4401 723 4486 vetusto
740 4399 780 4482 in
798 4399 968 4508 pulvere,
1297 4401 1485 4517 Ensesque
