3170 5150
403 357 804 450 Postrconoru
843 351 951 448 [η.
979 356 1054 448 111.
1262 387 1313 480 ⁷3

143 577 235 674 Nec
251 613 338 672 inea
354 606 439 673 tam
456 571 610 695 sapiens
626 609 696 694 per
711 579 789 664 sese
805 579 961 692 prodita
973 582 1172 696 quisquam

144 761 266 840 Furta
282 751 536 868 redarguerit,
560 770 649 862 quae
669 779 762 876 mox
781 745 983 834 manifesta
998 750 1222 860 probabunt
1255 779 1312 844 css

145 929 199 1007 Et
215 923 298 1006 nati
314 943 511 1026 natorum,
536 918 661 1029 &qui
685 917 889 1002 nascentur
904 919 955 1002 ab
970 909 1065 1004 illis:

144 1087 319 1174 Tantum
338 1089 449 1196 absit,
475 1107 606 1194 poenae
619 1103 796 1168 metuens
811 1085 967 1170 infamis
981 1108 1027 1172 ut
1040 1086 1122 1198 ipse

144 1255 266 1340 Furta
278 1255 395 1342 velim
409 1275 559 1368 tegere,
585 1271 819 1360 atquemeas
832 1251 959 1338 celare
974 1255 1140 1364 rapincst

145 1425 244 1507 Non
259 1443 392 1506 tamen
413 1421 546 1504 omnia
562 1439 603 1501 te
621 1418 754 1528 priscis
771 1419 831 1502 sas
846 1417 983 1529 fidere,
1008 1423 1075 1532 qui
1096 1441 1180 1512 nou

146 1590 293 1674 Omnia
313 1587 520 1673 sufficient:
549 1585 739 1698 quaerenti
756 1607 879 1696 pauca
895 1577 1031 1673 labore
1259 1614 1313 1689 ²⁶5

145 1753 392 1841 Attentanda
408 1777 493 1861 tuo,
519 1752 696 1838 nondum
711 1753 779 1838 ulli
794 1751 941 1860 auditu,
964 1751 1178 1866 supersunt.

218 1879 308 2008 Nos
323 1923 444 2006 etiam
458 1919 634 2034 quodam
651 1919 797 2008 idcirco
817 1949 921 2026 novo
936 1911 1107 2008 condere
1122 1925 1228 2014 nulla

146 2087 318 2202 Relligio
331 2109 454 2195 vetat,
480 2087 716 2200 indissnsque
732 2085 931 2173 effimdere
951 2117 1080 2175 voces.

146 2259 213 2341 Ne
230 2283 324 2340 vero
341 2255 423 2340 haec
438 2257 590 2366 penitus
603 2255 751 2338 fuerint
766 2258 918 2368 ignota,
936 2257 1124 2370 suumque

147 2423 374 2540 Agnoscunt
392 2449 528 2536 genus,
555 2435 823 2536 &cognatam
840 2421 1047 2508 ostendere
1064 2445 1225 2550 gentem
1259 2454 1317 2522 270

145 2589 304 2696 Possint,
330 2617 376 2674 ac
394 2589 520 2698 stirpis
539 2589 712 2671 nitantur
726 2589 877 2700 origine
892 2610 1021 2672 certae.

147 2757 282 2928 qsque
300 2757 402 2842 adeo
418 2755 556 2867 patriae
570 2753 643 2837 tibi
658 2753 687 2838 si
703 2755 863 2864 penuria
877 2757 983 2840 vocis

148 2923 320 3032 Qstabit,
345 2927 403 3010 fus
420 2924 689 3036 Grajugenunr
704 2921 878 3008 felicibus
891 2923 971 3008 oris

147 3091 354 3174 Devehere
372 3090 581 3176 informem
598 3093 769 3197 massam,
796 3100 912 3206 quarn
931 3087 1069 3178 incude
1084 3093 1227 3182 Latina

147 3256 368 3341 Insormans
380 3261 548 3368 patrium
565 3259 701 3368 jubeas
714 3258 917 3343 'dediscere
933 3287 1097 3344 morem.
1261 3297 1315 3357 ιη

149 3425 211 3508 Sic
226 3419 425 3536 quondam
443 3423 624 3510 Ausoniae
642 3423 827 3510 succrevit
839 3424 954 3534 copia
966 3427 1126 3541 linguae:

149 3591 213 3676 Sic
229 3593 383 3676 auctum
402 3591 572 3716 Latium,
598 3618 678 3700 quo
693 3591 859 3699 piurima
876 3593 1067 3678 transtulit
1079 3597 1196 3710 Argis

150 3757 269 3862 Usus,
294 3769 335 3844 δε
353 3757 544 3843 exhaustis
558 3758 647 3840 Itali
664 3759 866 3867 potiuntur
874 3759 1053 3846 Athenis.

151 3929 302 4012 Nonne
314 3925 421 4010 vides
440 3927 576 4012 mediis
590 3947 635 4008 ut
652 3925 774 4009 musta
789 3948 926 4040 erepta
939 3932 1130 4037 Mycenis,

152 4093 274 4205 Grnja
292 4119 428 4208 genus,
454 4089 605 4208 fulgent
624 4094 762 4180 nostris
783 4095 974 4204 immixta,
999 4127 1074 4184 nec
1090 4099 1210 4184 ullum
1263 4123 1321 4180 rso

152 4263 329 4370 Apparet
344 4259 571 4346 discrimen?
597 4281 693 4346 cunt
705 4259 913 4377 insignibus
929 4265 1046 4378 aequis

682 4555 690 4570 .
826 4435 864 4514 K
1233 4431 1324 4542 Un-¹
