3170 5150
465 333 772 414 bonaiacum
817 325 922 408 Lis.
950 329 984 404 1.
1287 353 1314 432 9

142 545 220 632 Sed
238 548 356 652 calce,
377 566 450 632 aut
468 567 576 633 creta
593 546 722 652 linito,
749 563 868 655 atque
885 536 1044 658 angusta
1057 546 1205 634 viarum

144 718 321 829 Qaeque
336 715 451 800 unse:
479 741 563 800 mus
580 711 680 824 sape
698 715 800 798 cavis
818 709 898 796 sese
917 709 1069 798 abdidit
1086 715 1188 823 isnis,

144 887 250 967 Luce
266 884 404 990 latens,
432 903 475 968 at
490 907 577 968 cum
594 883 636 966 in
653 880 824 966 tenebris
841 880 938 964 cinis
959 883 1101 968 occulit
1115 883 1249 1000 ignem

98 1139 102 1146 ,
145 1050 340 1160 sopitum,
362 1048 617 1165 indulgetque
634 1047 742 1162 gravi
757 1041 930 1131 custodia
945 1047 1098 1158 somno,

145 1218 354 1328 improbus
373 1216 573 1333 egreditur
589 1214 684 1299 tutis
703 1213 755 1300 ad
771 1215 876 1300 furta
894 1215 1069 1323 latebris,
1264 1241 1322 1320 '125

147 1390 201 1468 Et
225 1385 323 1470 citus
341 1387 507 1496 irreptat
521 1381 675 1489 tabulis,
701 1381 886 1494 saevitque
902 1411 976 1496 per
992 1411 1131 1472 omnes
1151 1451 1153 1458 ,

136 1551 269 1637 Caede
284 1553 445 1638 madens
463 1551 582 1657 aulas,
601 1551 850 1664 predamque
869 1553 1011 1638 avertit
1029 1555 1079 1638 ab
1097 1556 1185 1639 altis
1422 1506 1426 1516 ⁸

149 1721 364 1808 Porticibua
380 1719 499 1828 satur,
526 1737 645 1832 atque
660 1719 765 1806 cavis
782 1719 959 1830 epulatur
977 1722 1017 1804 in
1036 1720 1171 1808 antris.
1311 1681 1316 1690 ι

148 1885 293 1970 Molite
311 1885 478 1997 insidias,
502 1885 711 1998 deceptum
727 1911 882 1978 carcere
899 1888 1050 1995 claude,

149 2055 386 2168 Ignarusque
400 2053 483 2140 doli
500 2053 581 2167 ipse
598 2053 752 2140 sibimet
765 2053 918 2140 vincula
934 2057 1083 2163 neunt,
1270 2089 1327 2152 130

148 2223 258 2305 Dum
275 2221 378 2333 petit
392 2223 584 2308 ostensam
604 2221 946 2308 confidentiffimus
964 2223 1104 2307 escam.

151 2387 346 2504 Qaedsm
361 2389 484 2473 etiam
502 2389 690 2495 trabibus,
715 2388 854 2499 quibus
869 2389 997 2474 omma
1013 2385 1192 2472 machina
1208 2385 1326 2472 tellis

151 2556 321 2663 Nititur,
340 2555 589 2662 auxiliantur,
612 2563 655 2640 bc
669 2553 766 2638 intas
781 2551 952 2638 sentibus
965 2573 1134 2660 armant,

151 2722 348 2833 Sentibus,
369 2732 412 2809 δε
431 2721 595 2830 tribulis,
621 2745 668 2805 ac
677 2717 851 2836 juniperi
869 2719 1026 2806 hirsuta

153 2890 362 2978 vulnificos
378 2889 530 2976 addunt
547 2889 713 3004 gladios,
726 2887 869 2974 circum
887 2888 1059 3002 undique
1079 2909 1123 2972 ut
1135 2889 1254 2976 hostis
1272 2921 1324 2991 ¹³5

152 3055 408 3169 lndeprensus
424 3077 491 3144 eat
510 3055 647 3144 saltem
663 3083 734 3169 pet
751 3055 913 3142 uulnera
931 3055 1051 3164 mille,
1174 3013 1178 3022 ⁴

152 3227 243 3310 Nec
257 3223 402 3309 referat
420 3245 575 3338 captam
593 3226 722 3311 inulto
741 3223 811 3308 nist
830 3223 1014 3338 sanguine
1030 3183 1214 3354 piaedasn.

228 3397 374 3478 Ventnn
391 3418 478 3504 age,
498 3392 562 3475 uix
583 3391 765 3475 tenebras
785 3393 934 3503 pepulit
953 3393 1019 3477 lux
1035 3394 1152 3479 tertia
1169 3398 1297 3507 rebus,
1440 3459 1445 3470 -

154 3565 256 3644 Ecce
276 3557 360 3644 stnu
378 3557 571 3668 incipiunt
586 3558 724 3668 tepido
739 3556 925 3644 caleb&
944 3561 1097 3646 moveri

156 3728 326 3833 Semina,
341 3727 424 3840 jam
439 3723 596 3812 visenda
614 3727 727 3816 novis
748 3723 928 3812 animalia
945 3723 1083 3814 formis
1269 3759 1328 3832 ¹140,

155 3901 355 4005 irrepunt,
380 3893 590 4006 psffinqne
609 3893 706 3978 albis
722 3893 943 3979 mantilibus
959 3915 1105 3982 errant.
1221 3883 1224 3890 ¹

156 4065 248 4150 Nec
265 4087 361 4148 vero
376 4063 460 4178 jaun
478 4082 564 4146 tum
579 4049 661 4147 hee
676 4061 856 4146 thalamis
869 4060 1092 4148 sublimibus
1108 4065 1236 4148 iulet:
1387 4146 1394 4161 ,

156 4231 326 4346 Exiguus
341 4231 509 4340 primum
524 4231 652 4340 capiet
667 4227 841 4327 sobolem
862 4171 970 4314 lotus
989 4255 1161 4336 omnem,

893 4399 926 4478 B
1234 4401 1332 4483 Cor·
