3138 5142
313 319 362 410 98
556 311 722 390 Mutet
748 305 1066 386 Hrstouuur
1091 303 1231 388 Vror

180 519 187 533 ’
315 533 368 612 Et
384 551 446 607 res
462 521 564 606 fluxa
578 523 671 606 alias
685 519 816 630 potius
830 537 1031 602 revocaret
1047 515 1098 601 ad
1115 536 1232 600 artes.

1548 481 1549 546 s

315 689 513 802 Qicqpid
528 716 648 800 opum
663 685 768 792 hinc,
794 682 975 796 quicquid
989 683 1102 768 nobis
1120 681 1273 768 acceffit
1288 683 1481 774 honorum

317 857 492 948 Vestrum
507 855 564 938 est
578 855 685 966 jure:
713 849 842 935 suisset
857 851 916 934 sat
932 849 1028 934 mihi
1043 875 1204 934 cernere
1220 875 1355 942 eoram

316 1027 462 1132 Laetos,
489 1041 607 1136 atque
625 1017 721 1103 meis
739 1015 907 1132 gaudete
926 1015 1122 1100 laboribus
1138 1015 1299 1118 ambos3
1384 1103 1390 1114 ,

316 1195 379 1276 Ut
395 1190 590 1275 volucrem
607 1183 813 1296 perhibent
829 1182 1025 1267 inimicam
1042 1183 1213 1268 sontibus
1227 1182 1360 1290 hydris
1441 1219 1478 1276 ιο

315 1355 403 1442 Effe
421 1355 540 1466 piam,
566 1376 855 1463 memoremque
871 1349 1097 1460 parentibus
1111 1349 1328 1466 indulgere,

318 1518 575 1632 Invalidisque
595 1518 664 1602 suo
677 1521 820 1602 vena'tu
838 1514 999 1600 tendere
1014 1517 1149 1600 vitam.

317 1693 366 1770 Iu
383 1706 470 1770 tota
484 1683 579 1768 nihil
597 1685 672 1768 effe
687 1682 809 1768 domo
824 1710 888 1768 me
906 1680 1017 1766 dulce
1029 1679 1176 1790 fuisset,

315 1859 369 1937 Et
386 1869 502 1936 nutus
520 1853 684 1956 servare,
712 1851 859 1963 &jussa
874 1847 1066 1960 capessere
1081 1849 1206 1934 vestra

317 2018 553 2130 Subjestum,
579 2045 625 2102 ac
641 2017 773 2126 postris
788 2012 965 2100 famulari
982 2015 1142 2102 fascibus
1158 2015 1278 2102 ultro.
1441 2054 1473 2114 η

316 2183 388 2267 Nil
401 2209 584 2294 unquam,
611 2181 683 2266 nist
700 2209 785 2294 quae
799 2181 930 2279 vestris
949 2181 1135 2294 placitura
1147 2181 1309 2270 fuissent
1548 2129 1549 2156 Ν

318 2347 498 2456 Auribus,
525 2349 875 2461 effatipotuissem3
901 2345 1001 2459 stepe
1019 2377 1097 2466 ego
1115 2351 1211 2436 sisio

315 2515 460 2600 Tristia
477 2516 667 2623 celtffem,
684 2517 871 2630 mentitus
886 2515 1040 2630 gaudit,
1056 2517 1181 2624 vultu,

317 2684 386 2766 Ne
403 2710 473 2767 vos
489 2683 673 2791 afficeret,
700 2682 727 2768 fi
744 2681 838 2797 quid
855 2709 920 2767 me
938 2705 1116 2793 carperet
1131 2684 1250 2774 intus.

316 2845 513 2961 Quicquid
526 2851 765 2958 amarum,in
777 2877 842 2936 me
851 2849 1027 2960 latuisset,
1037 2850 1218 2963 quicquid
1232 2851 1429 2939 acerbum:
1443 2879 1479 2936 ro
1548 2771 1549 2858 Υ

316 3012 381 3100 Ad
397 3041 468 3100 vos
483 3035 567 3100 arte
581 3016 647 3127 pia
664 3015 879 3102 transissent
896 3013 1021 3100 dulcia
1035 3037 1200 3102 tantum.
1288 3085 1291 3092 Α

314 3180 452 3266 Taedia
469 3207 533 3266 me
550 3181 683 3268 vestrae
698 3181 883 3292 cepissent
898 3180 1003 3266 nulla
1016 3179 1194 3290 s‘enebtz,

315 3351 407 3432 Nec
421 3373 506 3459 quae
522 3307 644 3431 multa
657 3349 783 3432 solent
797 3349 906 3456 vitiu,
928 3368 1043 3461 atque
1059 3349 1309 3440 incommoda
1322 3360 1366 3440 in
1381 3357 1447 3442 illa
1548 3347 1549 3380 ¹

315 3514 403 3600 Effe
418 3533 548 3622 aetate,
573 3541 683 3598 meos
698 3535 882 3624 poterant
896 3535 1072 3600 avertere
1088 3515 1228 3602 seusus.

315 3681 418 3764 Cum
433 3679 587 3791 spueret
597 3681 764 3766 vestrum
781 3681 966 3765 altemter
982 3683 1121 3794 gravis,
1134 3709 1260 3796 exque
1274 3709 1427 3777 crearet
1446 3713 1480 3780 tr
1548 3643 1549 3702 ἶ

314 3849 515 3956 Plurimus,
542 3857 583 3934 bt
597 3873 711 3932 rauca
725 3845 998 3961 conspergeret
1014 3849 1148 3934 omnia
1163 3849 1263 3958 ruffi,

315 4011 435 4097 Nulla
450 4011 705 4100 horrescentis
722 4014 829 4098 vultu
844 4011 953 4122 asper
969 4013 1076 4128 sigua
1093 4013 1291 4125 dedissem,

315 4179 469 4265 Consta
485 4173 628 4266 ferens:
654 4205 725 4264 vos
740 4180 867 4266 aetatis
885 4206 1052 4292 namque
1070 4203 1163 4266 ante
1180 4183 1316 4269 tulistis

1371 4350 1484 4440 Plura
1548 4325 1549 4346 Ν
