3170 5150
310 255 330 352 8
526 278 708 354 Murci
750 271 1087 352 H1nnouuu1
1124 275 1265 357 Vrors

191 547 195 556 -
304 493 462 572 Interea
485 487 636 598 populis
655 484 777 591 ledes,
804 499 845 572 ὅτ
862 485 969 568 teda
991 479 1131 569 fitturis
1534 478 1535 541 l

304 653 393 764 Ipse
408 681 553 739 novare
570 653 677 767 jube,
707 654 958 765 tabulataque
976 653 1080 736 vide
1099 652 1275 740 senectus
1533 582 1536 684 d

304 822 405 906 Non
420 841 523 932 aptae
538 823 618 906 fine
632 821 712 904 sole
728 820 881 924 domus,
903 817 983 904 stne
999 819 1086 904 luce
1101 840 1276 930 penates.
1425 855 1474 900 ιω

304 985 382 1070 Sed
401 987 571 1101 duplices
596 989 704 1073 reda
720 988 850 1072 lumen
863 987 1025 1100 regione
1044 987 1222 1072 fenestre

303 1155 548 1260 Admittam,
573 1183 734 1268 quarum
757 1153 958 1267 surgentes
973 1153 1096 1238 altera
1109 1153 1250 1240 Phoebi

302 1327 465 1436 Spestet
481 1352 617 1438 equos,
644 1321 759 1408 fellos
776 1341 917 1410 contra
938 1319 1076 1426 altera,
1099 1321 1257 1435 jamque
1281 1322 1465 1408 cadentes.
1542 1303 1543 1316 ἶ

302 1491 408 1578 Turn
423 1493 514 1577 vitri
532 1493 768 1604 pellucentes
787 1515 991 1599 opponere
1007 1487 1173 1600 quadras

302 1661 409 1744 Hinc
424 1677 542 1772 atque
557 1659 649 1742 hinc
665 1654 800 1770 jubeo,
827 1655 897 1740 lini
921 1675 989 1740 aut
1007 1655 1215 1740 firmiffima
1241 1678 1364 1764 texta,
1415 1695 1460 1752 105

302 1829 367 1908 Ut
382 1852 510 1938 neque
528 1825 756 1922 concutiant
776 1823 901 1930 venti,
927 1847 1055 1934 neque
1073 1823 1205 1908 nubila
1225 1827 1366 1912 nimbis

302 1991 593 2106 conspergant,
618 1991 796 2105 obfitque
813 1991 918 2076 intus
938 1991 1180 2102 penetrabile
1193 1987 1326 2106 frigus.

301 2161 393 2244 Nec
407 2159 603 2270 postrema
618 2154 692 2244 fint
705 2159 830 2244 cautis
846 2155 1090 2268 pretendere
1111 2185 1203 2244 curt

301 2327 421 2411 Retia
435 2355 543 2412 rara:
573 2329 699 2414 avium
715 2281 888 2432 infidias}
910 2323 1104 2412 &callida
1122 2327 1228 2412 furta

300 2496 468 2581 Averte:
498 2493 626 2580 illudit
641 2495 765 2606 passer
780 2489 999 2580 custodibus
1013 2494 1107 2580 oliru

301 2665 521 2775 improbus,
546 2661 673 2750 illudit
689 2659 837 2746 chortis
856 2659 1011 2748 cristata
1025 2661 1203 2747 volucris.

299 2830 413 2914 Dant
428 2831 593 2944 stragem
609 2827 742 2940 pallim
760 2827 891 2914 rostris
906 2827 1134 2935 immitibus,
1161 2829 1407 2945 implentque

298 2996 530 3108 Ingluviem,
556 3023 602 3080 ac
617 2997 709 3084 vivo
726 2999 813 3082 viva
832 2995 979 3082 abdunt
995 3021 1163 3107 corpora
1180 2997 1304 3084 busto.

297 3161 402 3270 Nec,
426 3163 563 3276 quibus
580 3163 637 3248 est
656 3166 772 3250 tineae
786 3165 908 3251 felicis
923 3166 1039 3274 copia
1053 3167 1189 3272 multa,

297 3329 511 3414 Parietibus
528 3331 659 3416 sedem
673 3333 849 3446 affigunt,
877 3332 944 3416 sed
960 3351 1130 3446 quatuor
1141 3333 1257 3444 aequis
1423 3373 1455 3418 n

295 3495 512 3584 Tenomm
531 3499 572 3584 in
594 3499 726 3585 medio
741 3501 881 3585 eredis
896 3499 1094 3584 hincinde
1110 3499 1297 3584 columnis

296 3662 461 3748 Plurima
479 3663 716 3778 suspendunt
734 3667 921 3772 tabulata,
947 3667 1119 3778 aulaeque
1135 3633 1206 3778 ¹per
1219 3666 1320 3752 altos

295 3833 468 3946 Surgunt
483 3833 588 3918 mille
602 3833 758 3950 gradus,
780 3831 1010 3946 digestam
1025 3833 1165 3918 ordine
1182 3833 1302 3918 sedes.

292 3997 435 4113 Tuque
452 3999 585 4108 etiam,
611 4003 727 4088 variae
744 4021 789 4086 ut
805 4021 1004 4110 nequeant
1020 4001 1192 4112 irrepere
1211 4001 1351 4112 pestes,

291 4167 451 4254 Parietis
469 4167 618 4281 antiqui
633 4165 770 4254 vitium
785 4193 835 4254 ne
856 4165 1013 4283 neglige
1030 4167 1182 4283 segnis:
