3138 5142
420 331 739 418 Cnnmruuru
763 335 943 415 Lrour.
1217 369 1267 440 99

103 544 216 631 Plura
232 547 430 634 immunda
446 574 557 653 meae,
584 577 669 634 com
684 549 805 634 cultus
820 550 966 634 nescius
980 547 1105 637 infans

103 711 312 802 Foedarem
332 717 451 801 toties
468 718 509 801 in
526 715 632 801 cunis
650 714 807 801 humida
824 716 951 800 strata.
1069 711 1073 718 ’
1229 755 1267 818 9·

106 859 222 991 Siqua
241 901 372 968 autem
388 883 496 968 vobis
512 883 623 986 calla,
644 902 761 994 atque
775 883 974 969 incondita
988 883 1105 968 verba

103 1046 353 1155 Excidereut,
367 1047 537 1160 (quando
558 1075 683 1132 rerum
698 1049 761 1133 illa
775 1051 831 1133 est
845 1051 1050 1135 immemor
1065 1057 1184 1164 aetas‚)

101 1207 291 1298 Riderem
310 1240 479 1300 mecum:
509 1215 641 1298 omnia
656 1243 730 1324 pro
745 1215 951 1324 puerilibus
967 1219 1089 1304 effent

102 1377 259 1466 Lufibus
276 1381 341 1466 illa
359 1379 468 1486 mihi,
496 1405 567 1465 ceu
585 1409 654 1465 vos
668 1380 792 1467 rifistis
806 1395 847 1470 δι
860 1384 932 1494 ipll

101 1544 167 1629 Ad
184 1566 340 1631 teneros
357 1546 456 1631 lusus'
473 1547 571 1655 nati,
597 1547 899 1663 imperfecteque
915 1551 1047 1659 verba,
1227 1589 1263 1651 ,ς

101 1708 203 1795 Cum
222 1714 364 1824 primas
382 1714 446 1798 vix
463 1713 675 1825 inciperem
692 1713 795 1800 rudis
811 1715 927 1801 edere
944 1743 1071 1804 voces.

99 1855 327 1988 Ecquando
344 1881 439 1966 mihi
453 1881 604 1996 relligio
618 1881 801 1968 sobolem.
811 1883 959 1992 abnuit,
986 1883 1103 1968 ambo

99 2043 204 2128 Cara
220 2045 379 2134 firiffetis
393 2049 490 2134 mihi
506 2049 684 2163 pignora,
710 2043 830 2135 dulcis
846 2069 1022 2164 uterque,

101 2209 188 2296 Ceu
205 2241 314 2322 puer,
341 2216 383 2298 in
401 2215 532 2298 nostra
548 2217 614 2327 qui
630 2241 770 2326 paruus
785 2215 936 2302 luderet
951 2221 1060 2304 aula:

100 2375 267 2486 ennea,
279 2397 476 2490 utcunque
490 2374 635 2486 forent,
644 2377 741 2462 milri
756 2379 882 2463 dulcia
892 2383 1018 2466 vestra
1030 2377 1194 2468 fitillent.
1211 2420 1265 2467 ιοο

98 2543 253 2653 Infelix,
279 2544 376 2631 carie
399 2545 615 2657 quicunque
633 2542 858 2652 parentibus
876 2545 991 2632 audet

97 2709 213 2794 Dura
229 2713 350 2825 loqu,
377 2732 444 2796 aut
461 2710 562 2796 aliud
577 2711 686 2794 furiis
705 2709 931 2796 immanibus
948 2713 1057 2796 atius

100 2878 261 2962 Moliri:
286 2887 478 2964 extremas
495 2877 537 2962 in
553 2875 686 2963 mundi
702 2875 877 2988 protinus
892 2901 981 2962 orae

100 3047 220 3128 Ferte
233 3045 342 3130 nefas
348 3091 360 3148 3
376 3045 511 3132 nostro
525 3044 710 3158 nusquam
727 3061 965 3128 memoretur
980 3045 1022 3130 in
1037 3043 1163 3130 orber'

100 3207 224 3326 Qod
239 3237 360 3316 marc,
386 3239 472 3324 quae
488 3211 598 3297 tellus
613 3229 839 3323 portentum
858 3211 935 3295 tale
953 3209 1086 3295 feretis
1095 3221 1118 3308 ἒ,
1186 3238 1190 3248 ·
1210 3247 1261 3311 ιο,

99 3377 217 3462 Ferte
235 3377 369 3486 proorl
383 3379 487 3462 nulla
502 3407 669 3491 unquam
687 3379 890 3491 relligione
904 3377 1100 3489 piandum

101 3542 251 3628 Scilicet
266 3545 326 3651 iis,
352 3572 424 3656 per
440 3573 538 3656 quos
549 3543 714 3657 jocunda
726 3544 810 3627 luce
824 3541 976 3652 fruaris,

100 3709 246 3796 Lucem
266 3710 413 3796 adimas
431 3710 619 3826 ingratus,
645 3720 686 3796 &
703 3709 793 3794 almi
811 3709 964 3794 luminis
980 3709 1089 3796 usum

97 3876 260 3988 Eripius,
280 3905 353 3990 pet
367 3905 463 3988 quos
480 3877 622 3962 almum
641 3876 710 3961 tibi
726 3878 856 3961 lumen
871 3875 1055 3960 obortum
1071 3877 1155 3962 est?

97 4041 180 4128 Ah!
198 4043 293 4128 milri
311 4071 361 4127 ne
378 4063 531 4128 tantum
551 4044 598 4127 srt
612 4042 793 4127 credere:
821 4041 985 4124 barbara
1000 4042 1118 4127 ccrla
1171 4133 1172 4136 p
1209 4077 1264 4128 n·

96 4209 169 4298 vix
185 4211 341 4323 capiunt
361 4209 489 4294 Graiis
510 4235 581 4322 per
597 4205 729 4294 ludum
747 4209 906 4291 inventa
922 4207 1063 4317 poetis,

706 4375 751 4463 N
779 4405 804 4458 2
1218 4378 1267 4464 ln
