3172 5140
370 387 385 400 ,,
429 313 803 392 Ponticorum
847 303 953 396 Ltu.
980 313 1035 394 11.
1255 341 1307 424 4⁷.

9 481 10 560 d
127 526 239 612 Cum
259 526 392 612 secura
408 541 542 610 tamen
564 525 721 634 penitus
735 545 876 610 natura
892 531 1072 614 Deorum

125 697 282 808 Degat,
311 705 352 782 δε
370 693 527 804 aspediu
545 691 678 776 nostro
696 693 888 778 summota
907 693 1088 806 quiescat.

131 857 300 968 Addunt
315 857 560 972 infernasque
579 857 731 964 domos,
759 889 881 974 regna
897 861 999 945 invia
1012 864 1121 971 vivis,

130 1027 426 1141 Tartareosque
441 1028 561 1132 lacus,
587 1027 818 1140 Ditemque,
845 1028 1222 1136 &Erinnyasatras

131 1194 448 1282 Tum'volucrum
462 1213 624 1305 captant
637 1214 916 1306 cantus,atque
930 1197 1063 1282 omina
1077 1229 1235 1310 pennae:
1247 1239 1302 1302 355

132 1363 245 1470 Saepe
263 1361 383 1448 etiam
403 1360 617 1472 hospitibus
630 1362 809 1446 'convivia
826 1361 916 1446 laeta
934 1366 1114 1476 receptis,

132 1527 377 1642 Regalesque
395 1547 541 1614 canunt
557 1530 704 1640 epulas,
731 1529 796 1612 nbi
818 1531 941 1614 multa
958 1535 1119 1644 repostis

130 1697 354 1782 Narrantur
369 1693 532 1808 dapibus
547 1697 656 1782 vario
673 1695 851 1784 sermone
866 1697 1037 1784 vicissim.

129 1865 249 1948 Nunc
263 1863 375 1950 ludos
391 1863 590 1948 celebrant
603 1887 833 1978 magnorum
847 1865 897 1950 ad
910 1865 1019 1950 busta
1036 1868 1225 1960 virorum:
1304 1952 1308 1960 .

129 2033 270 2117 Annua
286 2059 390 2114 nunc
403 2029 538 2142 patriis
555 2049 748 2147 peragunt
765 2033 852 2118 Diis
868 2030 972 2118 sacra
997 2035 1146 2142 periclo
1243 2064 1300 2134 ,σο

130 2199 279 2281 Servati
295 2197 508 2310 quondan,
534 2197 738 2312 laudesque
755 2198 804 2282 ad
823 2198 945 2285 sidera
963 2200 1108 2284 rollum

129 2367 210 2448 Aut
226 2365 382 2472 Phoebi,
406 2365 583 2450 monstro
604 2366 756 2480 ingenti
774 2365 951 2470 Pythone
971 2385 1191 2478 perempto,

128 2535 209 2619 Aut
224 2533 355 2646 magni
375 2533 533 2637 Alcidae,
562 2535 708 2616 Cacum
724 2553 769 2614 ut
787 2531 917 2616 videre
933 2534 1151 2646 jacentem:

127 2701 239 2812 Rege
259 2697 328 2784 sub
343 2701 528 2806 Eurysteo
544 2697 677 2780 tulerit
692 2725 790 2810 quos
809 2697 872 2780 ine
888 2697 1039 2780 labores
1072 2719 1074 2726 ·

126 2864 279 2950 Alterni
295 2887 478 2978 repetunt
491 2885 627 2952 cantu:
657 2865 915 2976 superomnia
934 2867 1030 2950 Caci
1234 2893 1291 2963 ,σς

124 3033 353 3142 SpeJuncam
367 3031 567 3146 adjiciunt,
593 3035 879 3148 spirantemque
902 3033 1055 3146 ignibus
1072 3033 1237 3148 ipsun·
1310 3153 1312 3158 Α

192 3203 258 3284 An
277 3226 506 3308 memorem,
531 3203 761 3316 quandoque
778 3229 914 3288 omnes
931 3199 1134 3286 intendere
1152 3227 1293 3289 nervos

120 3367 222 3452 Cum
236 3367 362 3474 libuit,
388 3369 588 3482 verbisque
607 3372 726 3480 ipsam
744 3395 827 3452 rem
843 3395 994 3479 aequare
1011 3369 1212 3454 canendo?

119 3537 197 3616 Seu
215 3531 380 3620 dicenda
400 3535 472 3618 feri
489 3539 697 3647 tempestas
713 3533 870 3618 horrida
885 3535 1013 3644 ponti,

119 3706 337 3788 Ventorum
351 3714 394 3789 δε
412 3703 553 3808 rabies,
577 3705 787 3814 stasbaeqm
805 3701 855 3786 ad
871 3701 960 3786 saxa
976 3699 1116 3785 carinae
1233 3736 1293 3796 370

118 3871 200 3951 Aut
222 3869 351 3952 Siculo
370 3869 548 3982 angusto,
574 3890 642 3954 aut
658 3871 855 3980 impacato
868 3867 1044 3952 Euxino:

116 4035 205 4118 Sive
224 4056 363 4124 coorta
382 4059 545 4146 tepente
561 4037 656 4142 lues,
668 4057 765 4122 'cum
783 4034 906 4120 multa
918 4031 1089 4120 ferarum
1150 4095 1153 4104 ‚

116 4202 311 4314 Corpora,
333 4201 455 4289 multa
471 4203 674 4290 hominum
692 4205 776 4290 leto
792 4204 907 4290 data:
936 4201 1012 4288 srve
1027 4199 1165 4298 Sicana

1214 4366 1286 4450 Di·
