3138 5142
456 351 751 430 Bomsrcun
788 347 895 434 Lrs.
927 347 981 432 11.
1251 375 1304 448 29

137 565 331 678 Frigidus,
351 585 417 650 aut
432 562 586 649 nimbos
602 561 833 672 spirantibus
849 561 1029 651 humidus
1043 560 1202 664 Austris,
1269 583 1305 645 νς

135 732 316 817 Protinus
336 733 377 818 in
393 731 585 818 thalamos
604 730 740 814 inferri
761 729 911 838 profuit
929 731 1062 844 ignes:

136 902 204 984 Ne
219 920 352 986 tamen
370 899 526 994 infestet
543 845 800 1004 lachrymosas
814 891 958 989 lumlna
977 898 1120 1004 sumus,

138 1066 246 1176 Ipsos
262 1068 463 1152 occuluere
481 1065 582 1150 cavis
600 1061 812 1152 fornicibus
828 1067 954 1179 ignes,

137 1233 260 1318 Unde
277 1233 402 1317 aditus
421 1229 532 1316 fumo
552 1231 598 1316 fit
618 1236 804 1345 nusquam
824 1234 1001 1339 intesta,
1024 1231 1091 1316 sed
1107 1251 1216 1314 extra

138 1402 350 1512 Respirans
366 1403 559 1489 Vulcanus
578 1401 616 1484 in
637 1427 727 1486 aera
744 1401 870 1486 fumet
887 1421 1077 1512 apertum.
1275 1419 1312 1480 to

138 1572 196 1652 At
211 1569 316 1652 calor
330 1569 481 1652 interea
501 1564 674 1678 placidus
689 1565 916 1653 diffunditur
935 1569 1041 1654 intus

139 1734 342 1840 Paulatim,
365 1746 405 1822 bt
422 1733 546 1846 tepidi
562 1733 684 1820 calida
701 1761 724 1819 e
740 1735 899 1822 fornace
913 1762 1091 1844 vapores.

213 1907 313 1986 Sunt
328 1903 463 2008 etiam,
485 1931 584 2016 qua,
610 1931 698 1990 cum
714 1902 897 2016 nigrescit
916 1903 1080 1990 foetibus
1100 1901 1233 2006 arbos,

141 2069 337 2179 Incipiunt
356 2099 442 2157 cum
458 2099 569 2166 mora
584 2070 798 2174 rubescere,
818 2071 958 2182 pabula
974 2071 1078 2156 lecta

142 2237 309 2322 Retibus
330 2239 539 2348 imponunt
556 2241 663 2343 raris,
692 2241 732 2322 in
747 2265 893 2348 perque
910 2239 1049 2324 foratis
1278 2255 1312 2326 85

141 2403 320 2508 Pellibus,
342 2406 383 2486 in
402 2430 616 2514 gyrumque
630 2403 794 2514 agitant,
817 2405 1044 2514 jaciantque
1060 2430 1132 2514 per
1149 2432 1272 2489 auras.

142 2575 329 2681 Namque
351 2567 509 2671 cadunt,
524 2568 642 2656 veluti
657 2595 728 2680 per
744 2567 824 2650 lata
838 2565 1031 2656 foramina
1044 2569 1209 2686 grando,

141 2737 360 2850 Nigrantes
375 2735 517 2842 baccae,
538 2733 796 2846 velquicquid
819 2735 954 2822 inutile
976 2737 1128 2842 mensis,

142 2905 195 2987 Et
217 2923 370 2986 tantum
391 2904 486 2986 folia
502 2902 584 3014 ipsa
600 2925 776 3008 manent,
796 2903 904 3015 quod
922 2904 1069 2988 solvere
1088 2904 1248 2989 mollem

144 3069 282 3156 Alvum
299 3099 411 3156 mora
424 3071 571 3176 ferunt,
595 3069 794 3182 tristesque
811 3070 996 3159 inducere
1016 3073 1187 3158 morbos.
1281 3101 1321 3164 90

211 3243 403 3324 Praeterea
420 3237 568 3351 liquido
585 3237 753 3350 respergi
771 3263 938 3347 corpora
952 3239 1058 3326 olivo

145 3411 258 3495 Mors
276 3405 353 3493 erit
369 3407 580 3516 extemplo,
600 3405 668 3494 ah!
686 3407 843 3510 miseris,
855 3406 1061 3518 lucemque
1075 3405 1310 3516 relinquent.

144 3581 267 3688 Ergo,
283 3572 348 3659 ubi
360 3573 477 3661 noste
489 3599 651 3686 gregem
662 3569 829 3677 famulae‚
840 3583 880 3660 dc
892 3572 1036 3660 stabula
1052 3575 1131 3658 alta
1141 3567 1323 3675 revisent,

145 3739 285 3845 Edico,
308 3739 444 3848 procul
458 3738 663 3826 ardentem
678 3739 877 3851 deponere
893 3743 1032 3828 testam

150 3915 199 3994 In
217 3907 403 4010 tenebris,
424 3908 491 3991 ubi
509 3910 654 4023 pingue
670 3910 800 3994 oleum
819 3907 1036 4018 depascitur
1051 3911 1166 4025 ignis,
1286 3945 1321 4006 95

146 4079 214 4162 Ne
231 4075 342 4186 super
360 4075 524 4162 incautis
542 4097 656 4190 gutta
672 4077 849 4162 stillantis
866 4076 959 4162 olivi

147 4243 333 4352 Decidat,
358 4271 403 4330 ac
420 4265 529 4330 totos
546 4242 743 4330 deformet
761 4245 868 4354 peste
886 4267 1061 4358 penates.

1251 4410 1326 4494 Us·
