3172 5140
445 355 819 446 Posrrconuu
862 359 966 440 Lra
995 359 1049 438 Π.
1274 391 1321 462 35

147 565 525 656 Inchoetexcidium
539 571 663 656 veteri
678 570 841 682 pastoris
856 569 1038 683 abusque
1283 610 1320 668 ,ς

149 735 326 849 Judicio,
351 762 573 822 memorans
585 765 635 823 ex
647 737 785 822 ordine
802 737 961 854 srngsrla,
975 739 1160 854 quicquid

151 901 221 987 Ad
234 905 401 1019 Trojam
412 904 607 1018 Argolicis
624 907 807 992 collatum
818 904 875 990 est
888 909 1064 992 Hectore
1079 908 1193 994 duro.

151 1069 380 1158 Conveniet
397 1073 528 1182 potius
544 1099 669 1184 prope
688 1073 808 1158 finem
822 1071 954 1182 praelia
967 1093 1079 1157 tanta

151 1235 304 1345 Ordiri,
326 1257 444 1350 atque
463 1267 602 1354 graves
616 1241 692 1324 iras
706 1238 757 1324 de
772 1239 921 1352 virgine
932 1261 1043 1351 rapta

152 1403 286 1488 Aversr
299 1405 464 1491 AEacidae
483 1410 742 1518 praemittere:
770 1427 856 1492 tum
874 1406 959 1491 fera
970 1406 1073 1490 bella
1283 1435 1322 1494 so

151 1567 503 1686 Consurgunttum
512 1575 618 1687 pleni
626 1601 758 1660 amnes
765 1573 1323 1689 Danaumque,Phrygumque,

149 1736 424 1852 Xanthusque,
444 1741 672 1854 Simoisque,
692 1754 733 1828 δι
747 1741 940 1828 inundant
951 1740 1136 1856 sanguine
1147 1739 1265 1828 foffae.

149 1905 269 1990 Haud
288 1925 420 1990 tamen
432 1907 584 1992 interea
601 1935 688 2020 quae
700 1908 919 2020 praecellere
932 1907 1130 2016 silendum,

151 2071 292 2157 Aulide
307 2075 483 2186 jurantes
495 2077 671 2182 Danaos,
691 2077 894 2190 vellemne
912 2103 983 2186 per
995 2101 1128 2188 aequor

151 2239 263 2325 Mille
283 2260 401 2346 tates,
425 2239 628 2355 raptusque
639 2243 826 2350 Helenes,
849 2255 891 2328 δι
909 2241 1083 2354 conjugis
1096 2241 1187 2347 iras,
1281 2266 1317 2339 ες

153 2407 330 2520 Qaeque
349 2435 491 2496 novem
511 2410 635 2526 Troja
654 2411 711 2496 est
726 2437 852 2496 annos
866 2407 1040 2518 perpeffa
1054 2408 1216 2518 priores.

151 2577 284 2687 Atque
299 2575 417 2660 etiam
434 2579 475 2661 in
493 2577 660 2687 patriam
676 2576 789 2688 liquis
801 2573 994 2660 deducere
1011 2571 1171 2659 adortus

150 2747 356 2828 Errantem
371 2741 607 2830 Laertiaden
620 2743 708 2852 post
725 2749 913 2856 Pergama
930 2757 1058 2850 capta,

151 2909 248 2992 Non
261 2909 366 2992 illum
382 2909 489 2994 Idaeo
503 2911 716 2996 solventem
731 2938 756 2995 c
771 2911 905 2996 littore
921 2909 1074 2996 classem

13 3060 18 3068 ⁴
152 3073 254 3160 Cum
269 3077 379 3160 sociis
391 3079 558 3188 primum
569 3099 777 3184 memoret,
791 3075 1034 3190 Ciconesque
1049 3077 1250 3178 subadtos5
1276 3111 1316 3174 90

153 3239 227 3324 Sed
235 3243 316 3354 jam
332 3263 415 3330 tum
430 3247 625 3360 Ogygiam
639 3245 814 3332 delatum
834 3245 935 3333 sistat
950 3245 1002 3331 ad
1020 3247 1100 3332 alta

152 3407 334 3522 Virginis,
359 3411 496 3496 amiffis
512 3411 637 3526 sociis,
658 3411 883 3500 Atlantidos
896 3432 1021 3499 antra.

151 3574 250 3660 Exin
269 3577 355 3687 post
369 3579 494 3664 varios
510 3579 710 3664 Phaeacum
732 3585 773 3668 in
790 3607 912 3692 regna
929 3577 1081 3668 labotes

150 3741 317 3828 Inferat:
346 3744 409 3832 hic
427 3745 561 3856 politis
575 3744 731 3834 demum
750 3744 831 3856 ipse
854 3743 1065 3832 miserrima
1082 3747 1233 3854 menfis,

150 3911 487 4026 Erroresquesuos
503 3934 649 4020 narret,
674 3913 1039 4026 cafirsquesuorum.
1275 3951 1311 4012 ,ς

152 4077 256 4160 Ante
271 4099 403 4164 tamen
420 4079 448 4164 fi
466 4081 575 4194 gesta
589 4101 747 4186 canunt,
774 4081 826 4164 ab
840 4080 993 4194 origine
1008 4081 1137 4164 causas

150 4243 382 4354 Expediunt,
398 4247 482 4360 quis
496 4245 636 4334 dehinc
652 4247 783 4354 status,
801 4257 842 4332 δι
860 4273 948 4358 quae
963 4266 1143 4354 tempora
1156 4271 1296 4331 rerum.

868 4421 903 4496 E
923 4445 946 4495 2
1233 4413 1315 4496 Pri·
