3138 5142
292 291 367 376 108
533 273 1208 370 MnirorHrrronrrrrVrnn

290 503 379 617 ipse
396 504 471 588 tuis
488 501 641 615 opibus,
668 499 823 586 saevibrs
840 499 942 584 ultus
957 499 999 582 in
1015 498 1133 610 ipsos,

188 705 192 712 ·
292 673 392 780 Sed,·
401 653 522 754 veluti
535 668 695 753 meritos
713 667 829 774 bene,
855 665 979 750 amica
997 687 1133 750 mente
1151 660 1329 774 fovebas,

291 848 347 926 Et
362 863 472 926 caros
490 836 593 921 inter
606 835 711 922 nulio
729 833 948 918 discrimine
964 829 1135 917 habebas
1146 877 1161 933 ς
1215 911 1218 916 .
1412 873 1469 935 135
1556 879 1557 882 κ

292 1011 469 1096 Tantum
483 1005 555 1088 illis
570 1003 773 1122 meliorem
787 999 973 1108 animum,
999 1021 1252 1114 mentemque
1267 1021 1470 1114 precatus.

295 1177 398 1290 Qae
414 1199 487 1258 nos
505 1167 683 1256 erudiens
699 1169 886 1282 propiora
901 1165 1078 1279 exempla
1092 1163 1263 1254 docebas
1393 1277 1397 1284 ι

296 1341 421 1428 Ultro
438 1337 693 1454 ignominiam
709 1333 828 1445 ferre,
853 1335 1082 1423 &convitia
1100 1333 1248 1421 inuitos

298 1513 426 1622 AEquo
442 1505 589 1612 animo,
603 1505 757 1592 &mala
771 1502 911 1616 sponte
925 1501 1022 1614 pati,
1034 1503 1472 1622 mentemmbenignanr

299 1673 518 1787 Concipere
534 1675 575 1758 in
591 1671 752 1758 meritos
770 1672 885 1780 male,
904 1697 978 1755 nec
994 1668 1060 1756 sua
1074 1671 1235 1782 praenria
1246 1673 1386 1786 cuique
1416 1707 1473 1765 ιφ

299 1843 484 1930 Reddere
498 1869 572 1954 pro
590 1841 751 1950 meritis,
776 1839 844 1926 sed
859 1836 1030 1926 amando
1045 1866 1126 1924 uno
1140 1839 1279 1926 ordine
1294 1841 1446 1930 babere

161 2045 169 2058 ·
300 2015 424 2122 AEque
442 2037 592 2116 omnes,
611 2007 732 2096 studia
746 2007 845 2094 illius
860 2008 1044 2118 praeclara
1058 2005 1221 2114 secutos,
1556 1991 1557 2004 Ν

302 2177 384 2289 Qi
401 2175 569 2262 moriens
584 2171 718 2258 nostro
734 2161 808 2283 pr'o
825 2171 988 2259 crimine
1005 2171 1131 2262 versus
1145 2172 1196 2258 ad
1212 2175 1317 2261 nstra

302 2343 456 2430 Orabat
474 2340 628 2430 veniam
643 2342 764 2428 letum
779 2341 1065 2428 intentantibus
1084 2339 1183 2452 ipfis.
1556 2449 1557 2456 Ν

301 2515 434 2625 Atque
449 2510 541 2596 ideo
558 2509 631 2594 tibi
645 2509 726 2596 vita
740 2509 816 2596 firit
834 2507 1040 2596 discrimen
1056 2508 1215 2622 ubique,
1419 2544 1473 2610 ης

304 2681 358 2762 Et
373 2678 496 2785 labor,
520 2677 696 2762 humanis
709 2673 803 2762 dum
818 2699 861 2763 te
875 2705 949 2792 pro
964 2676 1108 2762 viribus
1123 2677 1250 2783 effers,

304 2843 564 2956 Terrenisque
581 2845 726 2952 animo,
739 2864 926 2956 quantum
945 2865 1074 2958 potes,
1090 2845 1228 2930 eximis
1243 2847 1337 2956 oris,

304 3010 505 3098 Affiduum
523 3009 665 3098 ducens
680 3031 913 3124 contempto
928 3008 1081 3098 foedere
1099 3013 1243 3098 bellurn

306 3179 407 3262 Cum
424 3177 606 3264 scelerum
623 3177 775 3266 invidis
792 3181 1006 3288 autoribus,
1032 3179 1201 3293 undique
1220 3179 1326 3266 duris
1556 3269 1557 3304 ἰ

306 3345 494 3428 Hostibus
508 3345 699 3458 objectus,
724 3375 823 3460 quos
841 3348 884 3432 in
897 3369 937 3433 te
954 3348 1131 3434 armabat
1144 3349 1312 3454 Erinnys
1423 3381 1482 3439 ιςο

308 3511 468 3617 Addita,
493 3523 534 3597 δι
549 3511 710 3600 infernis
727 3515 800 3599 tibi
813 3535 898 3600 erat
920 3535 1120 3604 certarnen
1138 3517 1188 3603 ab
1206 3515 1310 3617 oris;
1556 3515 1557 3540 ¹

307 3665 592 3792 corporeisque
606 3679 741 3765 animo
758 3681 976 3770 obluctatus
992 3685 1156 3795 pestibus
1171 3686 1251 3770 acri

309 3846 518 3931 Gaudebas
533 3847 659 3934 varios
676 3877 871 3962 nunquam
890 3851 958 3935 tibi
975 3851 1100 3938 decise
1118 3853 1285 3960 labores,

308 4017 363 4096 Et
383 4012 454 4096 tibi
468 4015 575 4100 ludus
594 4037 706 4100 erant
722 4019 957 4125 certamina(
974 4023 1116 4104 cundia
1134 4018 1314 4104 ferendo.

192 4259 202 4280 ,
309 4177 428 4270 Nunc
443 4179 514 4270 tibi
533 4205 644 4294 parto
664 4185 786 4298 quies,
814 4185 885 4282 tibi
902 4214 978 4298 pax
994 4187 1124 4272 secura
1141 4189 1333 4280 laborum.
1437 4223 1482 4284 ης

1438 4365 1488 4441 Et
