3172 5140
413 345 789 434 Porrrcorutr
827 357 935 438 ‘Lrn
964 357 997 436 I.¹
1162 363 1166 376 ’
1263 381 1288 456 7

19 637 20 646 t
192 567 305 684 Qin
319 565 438 650 etiam
451 567 555 676 ptius
567 565 732 680 effigiem
746 566 915 652 formare
929 570 1061 656 {inlutis
1249 601 1286 666 π

105 735 341 847 Totiusque
355 731 485 843 operis
506 731 770 818 snuulachtum
788 733 936 848 fingere
954 735 1080 822 verbis

71 889 84 908 ⁶
103 901 314 1010 Proderit,
341 899 986 1014 atqueomncsexordinenedere
998 923 1143 1014 partes,

107 1074 173 1152 Et
191 1069 331 1154 seriem
347 1094 489 1173 tetum,
515 1079 556 1154 dt
572 1083 699 1150 certos
724 1066 797 1151 tibi
818 1095 966 1176 ponere
981 1070 1090 1179 lines,

108 1239 194 1318 Per
210 1263 311 1347 quos
326 1255 413 1319 tuta
425 1261 563 1348 regens
577 1231 738 1345 vestigia
754 1231 914 1342 tendere
929 1264 1081 1350 pergas.

174 1403 415 1518 Jamquehic
425 1421 577 1512 tempus
588 1420 672 1485 erat
684 1397 778 1482 dare
790 1399 874 1486 vela
883 1404 1108 1490 vocantibus
1118 1410 1286 1522 Eurisso

115 1567 408 1681 Condendique
420 1568 548 1678 operis
563 1569 706 1678 primas
720 1569 965 1681 prescribere
977 1571 1104 1684 legesr

116 1739 176 1820 At
196 1737 301 1846 prius
317 1741 424 1822 aetati
443 1755 586 1820 tenere
597 1761 684 1848 quae
698 1763 788 1820 cura
804 1736 978 1822 colendae

119 1900 354 2011 Dicendum,
372 1923 537 2016 quantus
556 1903 678 2012 puero
694 1901 804 1986 labor
815 1904 1107 2014 impendendus.

117 2067 231 2150 Nulli
248 2073 393 2156 etenim
408 2069 593 2182 insignem
610 2066 764 2152 dabitur
779 2071 927 2182 gestare
946 2099 1146 2183 coronam,

118 2233 311 2318 Pieridum
324 2236 483 2322 choreas
501 2235 642 2319 teneris
662 2233 732 2318 nisi
751 2236 858 2318 norit
870 2237 920 2320 ab
938 2240 1059 2323 annis.
1244 2267 1280 2340 σς

117 2403 323 2515 Postquam
344 2401 464 2516 igitur
479 2403 621 2512 primas
640 2401 747 2486 sandi
765 2429 861 2513 puer
873 2401 1041 2488 hauserit
1060 2425 1178 2516 artes,
1201 2503 1205 2514 .

116 2573 208 2680 Jam
225 2591 318 2654 tunc
333 2551 491 2680 incipiat
509 2570 640 2680 riguos
659 2567 842 2652 accedere
861 2569 1007 2678 fontes,

115 2745 173 2822 Et
190 2735 397 2845 Phoebum,
411 2749 451 2822 st
467 2735 596 2822 dulces
612 2736 742 2822 Musas
755 2735 934 2820 assuescat
949 2710 1091 2820 amare.

115 2903 190 2986 Ille
206 2924 336 2988 autem
349 2931 507 3014 parvum
522 2907 588 3014 qui
604 2905 736 3016 primis
753 2904 899 2988 artibus
919 2922 1010 2988 ante

114 3069 277 3178 Imbuit,
297 3093 415 3184 atque
431 3070 571 3154 modos
586 3073 734 3177 docuit,
759 3071 939 3184 legesque
956 3073 1162 3185 loquendi,
1240 3109 1281 3170 9⁰

115 3237 295 3322 Sincerus
308 3237 426 3343 vocis,
442 3263 693 3346 cuperemus
708 3237 918 3348 purissimus
931 3238 1009 3322 oris

115 3403 357 3516 contigerit,
381 3403 490 3488 fandi
504 3429 555 3487 ne
570 3405 652 3491 fors
665 3431 760 3517 puer
775 3425 892 3519 atque
903 3405 1064 3488 nefandi

113 3569 278 3654 Nescius
292 3570 487 3656 imbiberit
501 3571 601 3656 male
618 3593 740 3686 gratae
758 3571 1075 3684 seminalinguae,

112 3741 215 3853 Qae
228 3737 316 3849 post
331 3735 481 3820 infesto
496 3762 544 3820 ex
562 3737 695 3824 animo
712 3738 891 3824 radicitus
905 3739 982 3822 ulla

112 3909 213 3992 Non
230 3904 368 4008 valeas,
387 3904 547 3990 meliora
559 3905 903 4015 docens-euellere
920 3921 1027 3990 curas
1236 3939 1275 4001 ,ς

112 4071 264 4158 idcirco
280 4069 376 4154 mihi
395 4069 654 4183 nequisquam
673 4071 900 4183 persuadeat
919 4083 1007 4177 or'o,

112 4247 174 4324 Ut
188 4242 367 4350 placeant
385 4239 451 4350 qui
472 4237 578 4350 (dum
593 4239 750 4350 cupiunt
772 4241 809 4324 le
829 4223 981 4324 duurinc
1004 4237 1104 4321 laevo

1181 4397 1277 4482 Tol·
