<?xml version="1.0" encoding="UTF-8"?>
<!DOCTYPE html PUBLIC "-//W3C//DTD XHTML 1.0 Transitional//EN"
    "http://www.w3.org/TR/xhtml1/DTD/xhtml1-transitional.dtd">
<html xmlns="http://www.w3.org/1999/xhtml" xml:lang="en" lang="en">
 <head>
  <title>
</title>
<meta http-equiv="Content-Type" content="text/html;charset=utf-8" />
  <meta name='ocr-system' content='tesseract 3.04.00' />
  <meta name='ocr-capabilities' content='ocr_page ocr_carea ocr_par ocr_line ocrx_word'/>
</head>
<body>
  <div class='ocr_page' id='page_1' title='image "./marcihieronymiv00trisgoog_0265.png"; bbox 0 0 3138 5142; ppageno 0'>
   <div class='ocr_carea' id='block_1_1' title="bbox 303 267 1228 370">
    <p class='ocr_par' dir='ltr' id='par_1_1' title="bbox 303 267 1228 370">
     <span class='ocr_line' id='line_1_1' title="bbox 303 267 1228 370; baseline 0.031 -28"><span class='ocrx_word' id='word_1_1' title='bbox 303 267 352 344; x_wconf 76' lang='lat' dir='ltr'>to</span> <span class='ocrx_word' id='word_1_2' title='bbox 515 269 717 351; x_wconf 71' lang='lat' dir='ltr'>‘Moror</span> <span class='ocrx_word' id='word_1_3' title='bbox 742 268 1063 358; x_wconf 75' lang='lat' dir='ltr'>Hruuourmr</span> <span class='ocrx_word' id='word_1_4' title='bbox 1089 280 1228 370; x_wconf 66' lang='lat' dir='ltr'>Vror</span> 
     </span>
    </p>
   </div>
   <div class='ocr_carea' id='block_1_2' title="bbox 218 481 1468 3442">
    <p class='ocr_par' dir='ltr' id='par_1_2' title="bbox 218 481 1468 3442">
     <span class='ocr_line' id='line_1_2' title="bbox 375 481 1154 610; baseline 0.026 -47"><span class='ocrx_word' id='word_1_5' title='bbox 375 481 496 566; x_wconf 86' lang='lat' dir='ltr'>Nunc</span> <span class='ocrx_word' id='word_1_6' title='bbox 513 483 622 568; x_wconf 82' lang='lat' dir='ltr'>aettus</span> <span class='ocrx_word' id='word_1_7' title='bbox 636 509 799 570; x_wconf 84' lang='lat' dir='ltr'>vacuum</span> <span class='ocrx_word' id='word_1_8' title='bbox 814 486 1032 602; x_wconf 83' lang='lat' dir='ltr'>glandifera</span> <span class='ocrx_word' id='word_1_9' title='bbox 1041 494 1154 610; x_wconf 83' lang='lat' dir='ltr'>juvat</span> 
     </span>
     <span class='ocr_line' id='line_1_3' title="bbox 294 645 671 753; baseline 0.013 -21"><span class='ocrx_word' id='word_1_10' title='bbox 294 645 452 734; x_wconf 86' lang='lat' dir='ltr'>Evitare</span> <span class='ocrx_word' id='word_1_11' title='bbox 472 648 541 733; x_wconf 88' lang='lat' dir='ltr'>sub</span> <span class='ocrx_word' id='word_1_12' title='bbox 562 649 671 753; x_wconf 70' lang='lat' dir='ltr'>ilice3</span> 
     </span>
     <span class='ocr_line' id='line_1_4' title="bbox 375 813 1140 942; baseline 0.025 -43"><span class='ocrx_word' id='word_1_13' title='bbox 375 817 497 901; x_wconf 90' lang='lat' dir='ltr'>Nunc</span> <span class='ocrx_word' id='word_1_14' title='bbox 513 813 646 902; x_wconf 88' lang='lat' dir='ltr'>audire</span> <span class='ocrx_word' id='word_1_15' title='bbox 659 817 762 904; x_wconf 90' lang='lat' dir='ltr'>Noti</span> <span class='ocrx_word' id='word_1_16' title='bbox 779 847 979 913; x_wconf 79' lang='lat' dir='ltr'>murmura</span> <span class='ocrx_word' id='word_1_17' title='bbox 993 831 1140 942; x_wconf 83' lang='lat' dir='ltr'>garruli</span> 
     </span>
     <span class='ocr_line' id='line_1_5' title="bbox 292 981 996 1104; baseline 0.026 -39"><span class='ocrx_word' id='word_1_18' title='bbox 292 981 445 1070; x_wconf 78' lang='lat' dir='ltr'>Densus</span> <span class='ocrx_word' id='word_1_19' title='bbox 459 1005 531 1095; x_wconf 85' lang='lat' dir='ltr'>per</span> <span class='ocrx_word' id='word_1_20' title='bbox 548 1011 754 1070; x_wconf 89' lang='lat' dir='ltr'>nemorum</span> <span class='ocrx_word' id='word_1_21' title='bbox 770 1015 903 1080; x_wconf 79' lang='lat' dir='ltr'>comas</span> <span class='ocrx_word' id='word_1_22' title='bbox 992 1097 996 1104; x_wconf 16' lang='lat'><strong>⁴</strong></span> 
     </span>
     <span class='ocr_line' id='line_1_6' title="bbox 372 1150 1186 1284; baseline 0.023 -49"><span class='ocrx_word' id='word_1_23' title='bbox 372 1150 489 1237; x_wconf 82' lang='lat' dir='ltr'>Haud</span> <span class='ocrx_word' id='word_1_24' title='bbox 508 1156 626 1268; x_wconf 84' lang='lat' dir='ltr'>longe</span> <span class='ocrx_word' id='word_1_25' title='bbox 649 1151 831 1244; x_wconf 81' lang='lat' dir='ltr'>scatebris</span> <span class='ocrx_word' id='word_1_26' title='bbox 847 1157 972 1248; x_wconf 86' lang='lat' dir='ltr'>fontis</span> <span class='ocrx_word' id='word_1_27' title='bbox 988 1164 1039 1250; x_wconf 81' lang='lat' dir='ltr'>ab</span> <span class='ocrx_word' id='word_1_28' title='bbox 1054 1166 1186 1284; x_wconf 81' lang='lat' dir='ltr'>algidi.</span> 
     </span>
     <span class='ocr_line' id='line_1_7' title="bbox 290 1317 802 1432; baseline 0.01 -29"><span class='ocrx_word' id='word_1_29' title='bbox 290 1319 382 1406; x_wconf 88' lang='lat' dir='ltr'>Nec</span> <span class='ocrx_word' id='word_1_30' title='bbox 400 1346 465 1403; x_wconf 91' lang='lat' dir='ltr'>me</span> <span class='ocrx_word' id='word_1_31' title='bbox 483 1317 638 1406; x_wconf 79' lang='lat' dir='ltr'>defidiae</span> <span class='ocrx_word' id='word_1_32' title='bbox 653 1339 802 1432; x_wconf 87' lang='lat' dir='ltr'>tamen,</span> 
     </span>
     <span class='ocr_line' id='line_1_8' title="bbox 373 1487 1112 1606; baseline 0.019 -34"><span class='ocrx_word' id='word_1_33' title='bbox 373 1491 456 1573; x_wconf 84' lang='lat' dir='ltr'>Aut</span> <span class='ocrx_word' id='word_1_34' title='bbox 474 1509 517 1572; x_wconf 89' lang='lat' dir='ltr'>tu</span> <span class='ocrx_word' id='word_1_35' title='bbox 536 1517 599 1574; x_wconf 91' lang='lat' dir='ltr'>me</span> <span class='ocrx_word' id='word_1_36' title='bbox 614 1487 786 1606; x_wconf 79' lang='lat' dir='ltr'>argueris</span> <span class='ocrx_word' id='word_1_37' title='bbox 802 1495 926 1606; x_wconf 86' lang='lat' dir='ltr'>turpis</span> <span class='ocrx_word' id='word_1_38' title='bbox 944 1497 1112 1590; x_wconf 68' lang='lat' dir='ltr'>inertie:</span> 
     </span>
     <span class='ocr_line' id='line_1_9' title="bbox 218 1653 887 1764; baseline 0.022 -30"><span class='ocrx_word' id='word_1_39' title='bbox 218 1713 223 1725; x_wconf 83' lang='lat'>.</span> <span class='ocrx_word' id='word_1_40' title='bbox 291 1653 425 1740; x_wconf 85' lang='lat' dir='ltr'>Canto</span> <span class='ocrx_word' id='word_1_41' title='bbox 444 1683 535 1750; x_wconf 85' lang='lat' dir='ltr'>nam</span> <span class='ocrx_word' id='word_1_42' title='bbox 554 1657 677 1741; x_wconf 91' lang='lat' dir='ltr'>modo</span> <span class='ocrx_word' id='word_1_43' title='bbox 693 1663 864 1748; x_wconf 83' lang='lat' dir='ltr'>carmina</span> <span class='ocrx_word' id='word_1_44' title='bbox 873 1707 887 1764; x_wconf 65' lang='grc' dir='ltr'><strong><em>ς</em></strong></span> 
     </span>
     <span class='ocr_line' id='line_1_10' title="bbox 371 1793 1188 1946; baseline 0.02 -38"><span class='ocrx_word' id='word_1_45' title='bbox 371 1820 435 1908; x_wconf 84' lang='lat' dir='ltr'>Ad</span> <span class='ocrx_word' id='word_1_46' title='bbox 453 1821 674 1934; x_wconf 81' lang='lat' dir='ltr'>praescripta</span> <span class='ocrx_word' id='word_1_47' title='bbox 693 1825 816 1910; x_wconf 91' lang='lat' dir='ltr'>modo</span> <span class='ocrx_word' id='word_1_48' title='bbox 830 1857 897 1916; x_wconf 89' lang='lat' dir='ltr'>me</span> <span class='ocrx_word' id='word_1_49' title='bbox 915 1833 1146 1946; x_wconf 84' lang='lat' dir='ltr'>sapientium</span> <span class='ocrx_word' id='word_1_50' title='bbox 1183 1793 1188 1803; x_wconf 16' lang='grc' dir='ltr'>ἱ</span> 
     </span>
     <span class='ocr_line' id='line_1_11' title="bbox 287 1987 817 2080; baseline 0.009 -9"><span class='ocrx_word' id='word_1_51' title='bbox 287 1987 509 2074; x_wconf 83' lang='lat' dir='ltr'>Emendans</span> <span class='ocrx_word' id='word_1_52' title='bbox 526 1991 696 2074; x_wconf 82' lang='lat' dir='ltr'>animum</span> <span class='ocrx_word' id='word_1_53' title='bbox 715 1992 817 2080; x_wconf 90' lang='lat' dir='ltr'>colo.</span> 
     </span>
     <span class='ocr_line' id='line_1_12' title="bbox 369 2157 1112 2267; baseline 0.023 -29"><span class='ocrx_word' id='word_1_54' title='bbox 369 2157 552 2267; x_wconf 84' lang='lat' dir='ltr'>Princeps</span> <span class='ocrx_word' id='word_1_55' title='bbox 566 2177 608 2240; x_wconf 90' lang='lat' dir='ltr'>te</span> <span class='ocrx_word' id='word_1_56' title='bbox 623 2158 774 2243; x_wconf 84' lang='lat' dir='ltr'>iuterea</span> <span class='ocrx_word' id='word_1_57' title='bbox 793 2159 949 2250; x_wconf 84' lang='lat' dir='ltr'>detinet</span> <span class='ocrx_word' id='word_1_58' title='bbox 965 2167 1112 2254; x_wconf 83' lang='lat' dir='ltr'>urbium</span> 
     </span>
     <span class='ocr_line' id='line_1_13' title="bbox 286 2323 784 2438; baseline 0.016 -30"><span class='ocrx_word' id='word_1_59' title='bbox 286 2323 419 2408; x_wconf 84' lang='lat' dir='ltr'>Roma</span> <span class='ocrx_word' id='word_1_60' title='bbox 436 2325 673 2438; x_wconf 79' lang='lat' dir='ltr'>principibus</span> <span class='ocrx_word' id='word_1_61' title='bbox 691 2325 784 2416; x_wconf 80' lang='lat' dir='ltr'>viris</span> 
     </span>
     <span class='ocr_line' id='line_1_14' title="bbox 367 2493 1307 2606; baseline 0.028 -32"><span class='ocrx_word' id='word_1_62' title='bbox 367 2493 550 2601; x_wconf 82' lang='lat' dir='ltr'>Gratum,</span> <span class='ocrx_word' id='word_1_63' title='bbox 576 2493 680 2580; x_wconf 90' lang='lat' dir='ltr'>inter</span> <span class='ocrx_word' id='word_1_64' title='bbox 694 2521 875 2606; x_wconf 87' lang='lat' dir='ltr'>proceres</span> <span class='ocrx_word' id='word_1_65' title='bbox 891 2498 1065 2592; x_wconf 87' lang='lat' dir='ltr'>nobilem</span> <span class='ocrx_word' id='word_1_66' title='bbox 1080 2503 1307 2601; x_wconf 77' lang='lat' dir='ltr'>honoribus.</span> 
     </span>
     <span class='ocr_line' id='line_1_15' title="bbox 226 2657 835 2777; baseline 0.013 -36"><span class='ocrx_word' id='word_1_67' title='bbox 226 2765 231 2777; x_wconf 93' lang='lat'><em>.</em></span> <span class='ocrx_word' id='word_1_68' title='bbox 284 2657 455 2770; x_wconf 80' lang='lat' dir='ltr'>Suspiras</span> <span class='ocrx_word' id='word_1_69' title='bbox 477 2679 625 2770; x_wconf 86' lang='lat' dir='ltr'>tamen,</span> <span class='ocrx_word' id='word_1_70' title='bbox 653 2673 694 2749; x_wconf 76' lang='grc' dir='ltr'>ὅτ</span> <span class='ocrx_word' id='word_1_71' title='bbox 711 2661 835 2772; x_wconf 83' lang='lat' dir='ltr'>doles,</span> 
     </span>
     <span class='ocr_line' id='line_1_16' title="bbox 362 2827 1468 2942; baseline 0.024 -32"><span class='ocrx_word' id='word_1_72' title='bbox 362 2827 577 2914; x_wconf 83' lang='lat' dir='ltr'>Fortunam</span> <span class='ocrx_word' id='word_1_73' title='bbox 597 2828 754 2940; x_wconf 83' lang='lat' dir='ltr'>cupiens</span> <span class='ocrx_word' id='word_1_74' title='bbox 770 2832 1000 2942; x_wconf 71' lang='lat' dir='ltr'>persimilem</span> <span class='ocrx_word' id='word_1_75' title='bbox 1018 2855 1163 2926; x_wconf 63' lang='lat' dir='ltr'>mem*</span> <span class='ocrx_word' id='word_1_76' title='bbox 1424 2886 1468 2936; x_wconf 75' lang='grc' dir='ltr'>ιο</span> 
     </span>
     <span class='ocr_line' id='line_1_17' title="bbox 281 2995 798 3110; baseline 0.008 -34"><span class='ocrx_word' id='word_1_77' title='bbox 281 2999 436 3078; x_wconf 88' lang='lat' dir='ltr'>Mecum</span> <span class='ocrx_word' id='word_1_78' title='bbox 457 3011 502 3080; x_wconf 92' lang='lat' dir='ltr'>ut</span> <span class='ocrx_word' id='word_1_79' title='bbox 518 2995 618 3104; x_wconf 81' lang='lat' dir='ltr'>saepe</span> <span class='ocrx_word' id='word_1_80' title='bbox 635 2995 798 3110; x_wconf 80' lang='lat' dir='ltr'>negotia</span> 
     </span>
     <span class='ocr_line' id='line_1_18' title="bbox 360 3159 1049 3268; baseline 0.023 -27"><span class='ocrx_word' id='word_1_81' title='bbox 360 3159 538 3268; x_wconf 82' lang='lat' dir='ltr'>Urbana,</span> <span class='ocrx_word' id='word_1_82' title='bbox 567 3162 751 3252; x_wconf 72' lang='lat' dir='ltr'>aerarias</span> <span class='ocrx_word' id='word_1_83' title='bbox 772 3167 1049 3256; x_wconf 81' lang='lat' dir='ltr'>sollicitudines</span> 
     </span>
     <span class='ocr_line' id='line_1_19' title="bbox 278 3325 761 3442; baseline 0.023 -37"><span class='ocrx_word' id='word_1_84' title='bbox 278 3325 507 3432; x_wconf 84' lang='lat' dir='ltr'>Detestaris,</span> <span class='ocrx_word' id='word_1_85' title='bbox 535 3339 574 3413; x_wconf 90' lang='lat'>&amp;</span> <span class='ocrx_word' id='word_1_86' title='bbox 595 3331 761 3442; x_wconf 84' lang='lat' dir='ltr'>angeris,</span> 
     </span>
    </p>
   </div>
   <div class='ocr_carea' id='block_1_3' title="bbox 273 3461 1458 3792">
    <p class='ocr_par' dir='ltr' id='par_1_3' title="bbox 273 3461 1458 3792">
     <span class='ocr_line' id='line_1_20' title="bbox 356 3461 1349 3752; baseline 0.034 -180"><span class='ocrx_word' id='word_1_87' title='bbox 356 3492 603 3606; x_wconf 89' lang='lat' dir='ltr'>Felicemque</span> <span class='ocrx_word' id='word_1_88' title='bbox 616 3523 731 3582; x_wconf 80' lang='lat' dir='ltr'>vocas</span> <span class='ocrx_word' id='word_1_89' title='bbox 749 3527 813 3585; x_wconf 89' lang='lat' dir='ltr'>me</span> <span class='ocrx_word' id='word_1_90' title='bbox 834 3521 907 3611; x_wconf 88' lang='lat' dir='ltr'>ter,</span> <span class='ocrx_word' id='word_1_91' title='bbox 934 3517 976 3594; x_wconf 68' lang='grc' dir='ltr'>ὃ(</span> <span class='ocrx_word' id='word_1_92' title='bbox 991 3461 1173 3752; x_wconf 68' lang='lat' dir='ltr'>arupliup!</span> <span class='ocrx_word' id='word_1_93' title='bbox 1276 3609 1291 3660; x_wconf 52' lang='grc' dir='ltr'><em>Ι</em></span> <span class='ocrx_word' id='word_1_94' title='bbox 1335 3473 1349 3621; x_wconf 44' lang='lat' dir='ltr'>i,</span> 
     </span>
     <span class='ocr_line' id='line_1_21' title="bbox 273 3657 1458 3792; baseline 0.045 -53"><span class='ocrx_word' id='word_1_95' title='bbox 273 3659 337 3740; x_wconf 88' lang='lat' dir='ltr'>Ut</span> <span class='ocrx_word' id='word_1_96' title='bbox 354 3683 485 3743; x_wconf 76' lang='lat' dir='ltr'>venum</span> <span class='ocrx_word' id='word_1_97' title='bbox 501 3657 628 3747; x_wconf 84' lang='lat' dir='ltr'>fatear</span> <span class='ocrx_word' id='word_1_98' title='bbox 645 3663 731 3774; x_wconf 69' lang='lat' dir='ltr'>uui,</span> <span class='ocrx_word' id='word_1_99' title='bbox 1441 3727 1458 3792; x_wconf 82' lang='lat' dir='ltr'>t</span> 
     </span>
    </p>
   </div>
   <div class='ocr_carea' id='block_1_4' title="bbox 269 3811 1234 4108">
    <p class='ocr_par' dir='ltr' id='par_1_4' title="bbox 269 3811 1234 4108">
     <span class='ocr_line' id='line_1_22' title="bbox 352 3811 1234 3958; baseline 0.023 -46"><span class='ocrx_word' id='word_1_100' title='bbox 352 3831 576 3912; x_wconf 81' lang='lat' dir='ltr'>Permutare</span> <span class='ocrx_word' id='word_1_101' title='bbox 591 3857 752 3944; x_wconf 72' lang='lat' dir='ltr'>negem3</span> <span class='ocrx_word' id='word_1_102' title='bbox 776 3855 822 3920; x_wconf 86' lang='lat' dir='ltr'>tu</span> <span class='ocrx_word' id='word_1_103' title='bbox 839 3855 971 3924; x_wconf 88' lang='lat' dir='ltr'>tamen</span> <span class='ocrx_word' id='word_1_104' title='bbox 987 3839 1069 3934; x_wconf 85' lang='lat' dir='ltr'>haec</span> <span class='ocrx_word' id='word_1_105' title='bbox 1084 3811 1193 3958; x_wconf 71' lang='lat' dir='ltr'>cape,</span> <span class='ocrx_word' id='word_1_106' title='bbox 1231 3850 1234 3861; x_wconf 85' lang='lat'>&#39;</span> 
     </span>
     <span class='ocr_line' id='line_1_23' title="bbox 269 3991 708 4108; baseline 0.025 -36"><span class='ocrx_word' id='word_1_107' title='bbox 269 3995 365 4076; x_wconf 79' lang='lat' dir='ltr'>Haec</span> <span class='ocrx_word' id='word_1_108' title='bbox 388 3991 524 4080; x_wconf 85' lang='lat' dir='ltr'>solatia</span> <span class='ocrx_word' id='word_1_109' title='bbox 542 3997 708 4108; x_wconf 85' lang='lat' dir='ltr'>amiculi,</span> 
     </span>
    </p>
   </div>
   <div class='ocr_carea' id='block_1_5' title="bbox 351 4165 1224 4278">
    <p class='ocr_par' dir='ltr' id='par_1_5' title="bbox 351 4165 1224 4278">
     <span class='ocr_line' id='line_1_24' title="bbox 351 4165 1224 4278; baseline 0.027 -36"><span class='ocrx_word' id='word_1_110' title='bbox 351 4165 504 4246; x_wconf 84' lang='lat' dir='ltr'>Sortem</span> <span class='ocrx_word' id='word_1_111' title='bbox 522 4191 632 4278; x_wconf 85' lang='lat' dir='ltr'>aequa</span> <span class='ocrx_word' id='word_1_112' title='bbox 649 4189 692 4253; x_wconf 86' lang='lat' dir='ltr'>ot</span> <span class='ocrx_word' id='word_1_113' title='bbox 706 4169 826 4260; x_wconf 79' lang='lat' dir='ltr'>levius</span> <span class='ocrx_word' id='word_1_114' title='bbox 840 4199 974 4262; x_wconf 88' lang='lat' dir='ltr'>mente</span> <span class='ocrx_word' id='word_1_115' title='bbox 988 4181 1089 4267; x_wconf 83' lang='lat' dir='ltr'>feras</span> <span class='ocrx_word' id='word_1_116' title='bbox 1107 4203 1224 4268; x_wconf 84' lang='lat' dir='ltr'>tuam.</span> 
     </span>
    </p>
   </div>
   <div class='ocr_carea' id='block_1_6' title="bbox 1343 4363 1453 4447">
    <p class='ocr_par' dir='ltr' id='par_1_6' title="bbox 1343 4363 1453 4447">
     <span class='ocr_line' id='line_1_25' title="bbox 1343 4363 1453 4447; baseline 0.055 -5"><span class='ocrx_word' id='word_1_117' title='bbox 1343 4363 1453 4447; x_wconf 89' lang='lat' dir='ltr'>Sunt</span> 
     </span>
    </p>
   </div>
   <div class='ocr_carea' id='block_1_7' title="bbox 0 0 1574 5142">
    <p class='ocr_par' dir='ltr' id='par_1_7' title="bbox 0 0 1574 5142">
     <span class='ocr_line' id='line_1_26' title="bbox 0 0 1574 5142; baseline 0 7"><span class='ocrx_word' id='word_1_118' title='bbox 0 0 1574 5142; x_wconf 95' lang='lat' dir='ltr'> </span> 
     </span>
    </p>
   </div>
  </div>
 </body>
</html>
