3138 5142
454 305 961 410 Scrccn1r‚Lunus.
1236 341 1284 410 59

124 517 238 602 Colla
253 517 423 604 animosa
439 517 588 604 lavans:
617 520 767 634 gemitu
781 519 908 605 omnir
925 521 1024 628 sylva
1039 523 1217 636 remugit.
1288 593 1293 598 .

123 683 233 770 Talis
252 702 337 769 erat
353 685 484 793 saciet,
510 685 592 770 caest
611 689 698 796 post
712 683 793 772 fata
803 685 1043 796 Elephantis,
1230 715 1286 772 ²60

125 849 341 936 Candentir
357 871 510 936 tumrae:
539 851 632 937 hinc
644 847 753 936 fiuriis
769 853 977 966 majoribus
993 853 1106 940 ardet

123 1014 308 1124 Phoebus,
336 1029 376 1104 δι
390 1018 545 1103 ultrices
559 1019 740 1103 hortatur
760 1020 803 1104 in
819 1045 926 1104 arma
942 1020 1144 1128 cohortes,

124 1186 173 1264 ln
192 1183 366 1292 serrum,¹
379 1197 421 1272 δε
435 1183 559 1269 caedes
578 1211 738 1296 pronus,
763 1185 996 1297 cupidusque
1014 1187 1206 1292 nocendi}

123 1351 379 1465 lncautusque
394 1351 525 1438 aurbus
543 1351 674 1463 perdit
691 1350 768 1435 stne
785 1349 873 1462 lege
888 1350 1110 1468 phalangas.

121 1517 306 1632 Dumque
323 1519 452 1606 hostes
468 1519 614 1630 pariter
628 1536 763 1603 cernat
780 1518 1035 1628 procumbere
1049 1523 1187 1631 vidos,
1230 1547 1283 1619 265

120 1683 210 1793 Ipse
227 1686 315 1771 suos
332 1685 451 1770 morti
465 1683 686 1772 indefensos
701 1684 838 1800 objicit
851 1685 968 1770 ultro.

120 1854 348 1959 Mercurius,
375 1853 514 1937 melior
527 1853 650 1962 furto,
675 1853 890 1960 enodatur,
912 1865 953 1939 δε
970 1852 1120 1939 haerens

120 2017 258 2129 Usque
271 2021 387 2105 alium
403 2047 452 2104 ex
469 2021 547 2105 alio
563 2019 776 2131 spednndo
791 2019 1122 2154 praevidet'idlum.

120 2185 231 2294 saepe
247 2185 324 2291 ille,
350 2214 399 2270 ex
416 2187 539 2299 longo
554 2185 765 2274 meditatus
782 2184 865 2270 sata
879 2185 1052 2297 superbae

119 2350 298 2464 Reginae,
324 2350 498 2462 peditem
511 2350 752 2460 perdendum
769 2351 984 2436 comminus
1000 2352 1129 2459 offert,
1229 2395 1284 2454 270

117 2517 413 2629 Diffimulatque
431 2515 556 2624 dolos,
585 2541 677 2599 mort
694 2518 882 2628 poenitet,
909 2527 950 2600 δι
969 2517 1089 2602 trahit
1104 2518 1186 2601 alto

118 2683 338 2792 Immobus,
366 2709 538 2768 errorem
555 2681 722 2796 fingens,
749 2679 903 2792 suspiria
917 2679 1048 2770 corde.

116 2809 255 2961 Atque
264 2847 468 2966 sagittiferi
482 2877 506 2934 e
521 2849 663 2937 dentro
673 2852 754 2964 jam
769 2847 910 2959 spietdn
924 2874 1047 2962 comu

117 3017 290 3140 Virginis
306 3019 350 3103 in
365 3019 466 3104 lutus
481 3017 645 3104 albentis
661 3016 869 3103 tendebat:
898 3014 941 3100 id
956 3013 1076 3100 hostis

116 3181 237 3270 Haud
250 3185 415 3294 primum
429 3185 558 3292 seuit,
576 3183 824 3297 peditemque
841 3181 1020 3266 trahebat
1035 3181 1076 3264 in
1091 3199 1213 3266 atram
1227 3215 1280 3278 ης

117 3353 234 3438 Laeva
248 3352 384 3457 aciem,
400 3353 717 3466 remmignnrus:
746 3375 879 3436 verum
894 3347 1070 3458 improba
1083 3346 1232 3434 cladem

116 3521 171 3602 Et
190 3533 320 3600 tantas
330 3517 496 3622 Erycina
508 3525 641 3606 Venus
654 3515 834 3600 miserata
850 3513 990 3620 minat,

75 3699 80 3708 '
115 3688 280 3767 lncauto
293 3683 428 3798 juveni
441 3680 577 3768 furtim
595 3683 718 3768 tac-ito
731 3679 858 3766 innuit
871 3707 956 3786 ore,

115 3853 248 3962 Atque
263 3849 404 3935 oculis:
431 3847 603 3962 (Phoebo
616 3877 708 3934 nam
722 3849 828 3932 sorte
843 3844 1002 3931 adversa
1018 3845 1202 3958 sedebat.)

113 4018 236 4104 Nullo
251 4041 373 4118 mora,
401 4014 451 4100 ad
467 4037 583 4101 nutus
599 4017 713 4102 Divae
729 4009 978 4098 tremefactus
989 4011 1136 4120 Apollo
1225 4031 1283 4090 aro

111 4182 313 4284 Constitit,
340 4201 457 4293 atque
475 4179 595 4268 oculis
611 4181 694 4264 lato
705 4177 861 4290 agmina
878 4173 1157 4284 circumspexit,

1227 4343 1279 4418 Et
