3138 5142
286 353 361 404 102
518 323 697 402 Miner
722 319 1043 401 Hrnrouvnr
1070 315 1208 400 Vsus

826 587 853 642 Δ
879 589 907 644 1>

280 739 591 876 Jonuuunu
637 733 1038 840 Murranum
1077 732 1456 854 Grnnuront,

525 935 800 1034 Vononn
830 927 1218 1048 Eu1scouuM,

392 1154 518 1232 uon
551 1155 615 1228 1u
643 1140 1002 1224 unoonoxm
1029 1147 1348 1226 aucarum.

484 1375 557 1456 Ul
575 1389 731 1482 poterat
747 1368 857 1453 fluxis
873 1391 970 1450 unus
985 1361 1205 1448 succurrere
1218 1365 1347 1474 rebus,

303 1367 494 1772 Q
515 1543 647 1652 Atque
668 1535 871 1620 hominum
892 1529 1018 1643 lapsos
1038 1555 1220 1617 revocare
1238 1533 1279 1617 in
1296 1535 1462 1647 pristina
1550 1510 1551 1550 Υ

624 1729 770 1808 mores,

291 1867 506 1954 Coelelium
522 1871 762 1984 aequiparans
779 1869 934 1956 mortali
950 1892 1116 1979 corpore
1130 1867 1265 1974 vitam,

290 2037 450 2120 Occidit
465 2055 558 2120 ante
574 2037 693 2145 diem,
719 2037 861 2146 &spes
881 2035 1031 2120 nostras
1047 2045 1173 2120 morte
1190 2033 1349 2120 fefellitr

228 2276 233 2286 .
291 2201 444 2287 Scilicet
461 2203 713 2314 omnipotens
729 2203 887 2317 genitor
904 2201 1084 2286 mortalia
1097 2197 1273 2294 nondum
1441 2238 1459 2298 ς

291 2365 480 2481 Respicit,
506 2369 684 2456 humanis
701 2369 767 2455 secl
784 2367 909 2454 adhuc
924 2367 1095 2452 irascitur
1110 2363 1217 2450 aufis.

292 2535 389 2644 Spes
403 2535 498 2622 mihi
516 2539 620 2648 pacis
636 2537 734 2644 erit,
760 2563 823 2620 res
837 2536 935 2621 citra
950 2533 1057 2648 polle
1075 2532 1225 2618 ruinam

292 2705 341 2784 In
356 2703 490 2787 melius
505 2705 620 2812 verti,
644 2703 738 2792 dum
757 2705 854 2788 se&
871 2701 935 2788 sua
951 2701 1108 2814 quisque
1124 2701 1310 2787 retractat

293 2869 384 2950 Hoc
400 2867 511 2976 duce,
537 2884 580 2957 δι
598 2872 774 2986 egregias
789 2869 998 2982 priscorum
1017 2867 1252 2982 accingimur
1267 2885 1385 2953 artes.

293 3033 418 3146 Hujus
431 3037 536 3121 enim
553 3037 776 3148 simulatque
790 3035 967 3120 Athesrm
983 3035 1047 3120 lux
1063 3057 1229 3147 propter
1241 3061 1445 3122 amoenum

294 3198 476 3308 Diffulsrt‚
503 3203 676 3316 squalens
692 3201 742 3287 acl
758 3223 912 3288 tantum
926 3202 1104 3313 protinus
1119 3202 1248 3286 omnis

295 3363 502 3453 Obduslos
519 3372 650 3454 oculos
669 3369 801 3482 paffirn
813 3369 928 3484 jubar
941 3370 1081 3454 extrnlit
1099 3369 1218 3454 orbis.

294 3533 522 3619 Fortunatae
539 3537 689 3621 Athesis
708 3539 812 3648 ripa,
841 3535 1034 3648 collesque
1051 3537 1170 3642 beati,

294 3697 395 3783 Tam
413 3728 538 3813 prope
564 3721 646 3786 tam
660 3703 806 3788 clarum
823 3703 960 3815 quibus
975 3705 1060 3788 unis
1077 3729 1237 3787 cernere
1253 3703 1386 3790 lumen

295 3863 492 3980 Contigit,
520 3881 561 3955 ὅτ
580 3871 725 3980 primos
745 3893 826 3955 tam
844 3868 964 3953 sanci
981 3867 1110 3953 fideris
1127 3885 1260 3956 ortus!
1432 3908 1464 3968 ις

295 4029 436 4144 Tuque
457 4033 570 4143 adeo,
584 4043 754 4142 Verona,
781 4036 863 4146 poli
883 4035 1138 4146 acceptiffima
1153 4037 1251 4151 regi,

296 4197 376 4310 Qi
394 4199 510 4285 talem
532 4203 663 4288 Siculis
680 4224 833 4314 partum
852 4199 968 4314 usque
983 4203 1118 4290 accivit
1137 4205 1187 4288 ab
1202 4205 1297 4309 oris,

1107 4397 1113 4405 ·
1262 4375 1468 4454 Sacrorum
