3172 5140
415 349 802 430 Ponnutonutt
845 345 948 430 Lut.
975 349 1008 430 1.
1246 389 1291 460 13

103 569 209 652 Nec
224 583 269 650 te
285 557 460 648 discendi
474 559 607 672 capiat
625 585 707 648 tam
721 559 807 646 dita
826 559 982 674 cupido.

107 733 298 842 Tempus
312 731 389 814 erit
403 727 493 858 tibi,
517 755 611 814 mox
628 755 717 814 cum
733 729 844 814 firma
857 725 1058 816 advenerit
1079 752 1188 842 etat,

108 899 348 1008 Sped'tatum
357 895 574 982 utcunstos
585 896 741 1006 impune
753 895 935 982 accedere
950 897 1078 984 detur.
1236 933 1289 994 ιις

194 1071 354 1148 Interea
367 1062 510 1149 moniti
525 1089 596 1150 uns
612 1062 675 1148 hic
689 1061 834 1170 audite,
849 1083 1043 1175 parentes.

112 1230 367 1343 Qaerendus
381 1233 512 1316 redut
529 1231 579 1314 de
597 1231 778 1336 millibus,
804 1257 903 1344 eque
919 1229 1121 1346 legendus,

115 1399 255 1482 Sicubi
271 1397 467 1484 Musarum
487 1397 618 1482 studiis
632 1397 790 1510 infignis
808 1411 850 1486 δι
865 1417 963 1506 arte,

115 1568 209 1677 Qi
227 1593 336 1652 curat
354 1564 499 1670 dulces,
525 1568 680 1676 carique
694 1568 867 1677 patentis
880 1591 1057 1660 amarent

115 1733 281 1842 Induat,
308 1753 422 1846 atque
438 1731 533 1818 velit
549 1733 734 1820 blandum
751 1730 925 1844 perferre
939 1733 1128 1821 laborem.
1237 1769 1295 1822 220

115 1899 377 1986 Illasuisniti
394 1898 570 1986 nondum
586 1898 842 1990 uufitviribus
863 1921 971 2008 aetas,
1201 1897 1204 1906 ⁴

117 2074 306 2156 Externa
321 2067 388 2154 sed
408 2068 509 2179 opis,
536 2069 748 2182 alienaque
763 2069 1014 2182 indigacutae
1028 2067 1098 2154 est.

117 2236 229 2320 Nam
248 2262 423 2347 puerunt,
451 2233 493 2320 ni
510 2233 779 2346 praesentinus
793 2235 871 2322 fida
890 2237 1061 2350 regentis

122 2401 250 2510 Adfit,
277 2415 318 2490 δι
338 2403 442 2488 hunc
461 2401 611 2488 dulcem
631 2401 843 2490 studiorum
857 2399 1037 2490 infitndat
1052 2427 1239 2523 autorem,

121 2569 321 2654 lllecebrae
338 2569 985 2673 factitavertantmilleCamoeuis
1236 2601 1291 2666 225

122 2737 347 2846 Deceptum
365 2737 459 2823 falsa
477 2737 649 2822 melioris
666 2735 837 2851 imagine
856 2761 970 2821 ουτω.

122 2903 188 2988 Sic
202 2932 357 3020 quoqoe
371 2905 439 2992 ubi
457 2905 569 2991 ctdtit
585 2907 738 3016 plantat
749 2903 905 2994 defudit
916 2903 959 2988 in
973 2897 1099 2988 hottit
1116 2999 1128 3028 ο
1234 2999 1236 3004 Α

125 3073 324 3184 Agticoia,
350 3085 392 3161 dt
411 3095 565 3160 teneras
584 3075 713 3159 telluri
726 3073 891 3162 credidit
910 3073 1035 3180 almae,

123 3241 336 3328 Fraxineos
351 3256 493 3328 contos
507 3238 636 3326 subito
655 3242 786 3355 erigit,
813 3239 938 3327 &sua
951 3241 1090 3352 cuique

126 3407 302 3516 Robora,
328 3429 374 3494 ut
387 3411 679 3496 innixa-ventos
694 3407 866 3518 coelique
880 3409 1031 3494 minam
1238 3437 1295 3506 ψ

130 3573 413 3685 Contemnunt,
437 3577 673 3693 surguntque
687 3577 790 3660 leves
808 3573 967 3686 impune
984 3597 1055 3684 pet
1071 3597 1195 3658 aurat.

29 3785 31 3852 i
130 3741 198 3825 Ille
220 3763 364 3851 autem,
391 3744 501 3862 pueri
514 3745 575 3829 cui
590 3741 739 3838 credita
753 3767 843 3826 cura
860 3737 1019 3825 colendi
1093 3717 1096 3728 ’

132 3906 291 3996 Artibus
307 3914 485 4028 egregiis,
513 3913 554 3996 in
574 3910 709 4024 primis
725 3927 842 4021 optet
860 3906 994 4014 autari,

29 4001 36 4194 i
133 4077 262 4188 Atque
278 4076 411 4162 odium
433 4077 513 4164 cari
526 4075 639 4190 supet
657 4075 791 4161 omnia
810 4074 911 4162 vitet
931 4072 1098 4160 alumni:

29 4245 31 4380 i
133 4241 197 4328 Ne
212 4239 319 4328 forte
335 4255 375 4332 δι
390 4245 513 4332 sacras
526 4243 636 4331 simul
656 4241 785 4328 oderit
800 4241 863 4326 iile
879 4243 1093 4322 Cauuoeuns
1243 4267 1296 4328 ης

1227 4405 1303 4480 Irn-
