3138 5142
420 335 742 420 Bomrrcum
784 333 972 418 Ltull.
1233 365 1281 438 39

114 551 205 668 Nec
222 551 384 640 Veneris
398 549 527 636 brevis
544 547 627 636 usus
646 552 735 658 erit,
761 549 893 633 videre
908 548 1073 638 revindli
1230 587 1284 650 305

113 717 307 826 Qantam
323 717 422 828 saepe
441 717 566 800 diem:
593 747 666 804 nec
685 747 781 830 quas
797 719 927 829 legere
946 716 1183 830 relinquent,

113 885 256 968 Donec
270 883 576 996 uterquecadat:
606 884 866 996 nequeenim,
884 881 1233 974 srviribushaustus

113 1055 200 1134 Mas
220 1051 328 1160 prior
345 1049 545 1156 occiderit,
565 1051 727 1162 longum
746 1071 879 1132 tamen
896 1047 978 1158 ipsa
995 1046 1183 1160 superstes

112 1216 298 1302 Foemina
315 1217 413 1302 erit:
441 1215 509 1301 sed
526 1216 592 1300 ubi
608 1237 799 1325 concepta
815 1214 993 1301 effuderit
1008 1243 1096 1322 ova,
1232 1177 1237 1186 ³

111 1383 234 1467 Nulla
248 1409 373 1488 mora,
395 1384 574 1494 amplexu
587 1382 760 1468 nondum
776 1380 935 1486 divulsa,
956 1378 1149 1494 sequetur.
1229 1421 1286 1485 ,ιο

111 1547 223 1634 Idem
243 1552 353 1636 omni
368 1550 549 1634 interitus
567 1548 716 1660 generi,
735 1545 819 1632 fata
837 1548 1018 1634 omnibus
1033 1575 1153 1664 aequa.

110 1713 285 1826 Aspicies
304 1713 487 1800 miserans
494 1712 653 1802 conlirsa
670 1713 856 1800 cadavera
869 1713 1003 1825 pallim

108 1882 350 1968 Procubuiffe
367 1883 463 1968 toris
477 1879 708 1997 genialibus:
740 1883 874 1966 omnia
895 1883 1061 1991 primum

108 2048 271 2134 Sedibus
285 2069 508 2162 exportato,
528 2060 571 2135 ὅτ
587 2049 708 2134 tristia
723 2047 862 2135 fimeta
880 2047 1037 2136 ducito:

107 2214 189 2302 Illis
202 2241 371 2328 namque
384 2243 547 2325 operum
560 2217 617 2300 est
633 2217 860 2302 cundlorum
879 2215 979 2323 finis,
1001 2228 1044 2304 dr
1059 2218 1143 2304 aevi.
1226 2254 1280 2318 su

178 2387 235 2469 At
255 2406 353 2468 vero
370 2405 457 2492 quaa
478 2375 602 2466 inlusa
616 2380 723 2466 vides
738 2379 959 2468 mantilibus
978 2383 1076 2468 albis

104 2549 280 2655 Semina,
299 2573 373 2632 ceu
389 2543 483 2630 milii
497 2543 627 2658 exigui
648 2543 876 2654 tenuiffirna,
899 2574 1012 2660 coge.

105 2721 204 2801 Huc
220 2715 292 2800 ubi
311 2714 399 2826 post
416 2738 562 2796 annum
576 2711 717 2798 sobolis
731 2713 819 2824 spes
835 2731 945 2798 certa
957 2713 1146 2800 creandae.

105 2883 181 2970 His
196 2882 344 2968 etenim
360 2880 440 2965 sese
462 2899 619 2988 reparat
634 2876 867 2964 moribunda
882 2881 1091 2990 quotannis

106 3049 338 3156 Seminibus,
359 3043 590 3160 sobolesque
600 3046 710 3133 venit
725 3017 829 3132 nova
843 3043 996 3158 semper
1014 3047 1064 3132 ad
1082 3076 1201 3136 auras.
1218 3081 1277 3151 ,ιο

14 3205 19 3216 “
105 3215 220 3302 Abde
236 3215 373 3321 domo,
398 3213 460 3300 his
473 3233 607 3325 aptam
621 3213 735 3326 srtper
751 3211 886 3298 omnia
906 3211 1035 3328 delige
1050 3215 1197 3328 sedem,

103 3383 343 3500 Quosque
363 3379 438 3466 lint
453 3380 579 3468 aditus
596 3379 765 3469 torrenti
781 3378 913 3466 astate
930 3377 1064 3488 calori,

102 3553 193 3638 Nec
214 3555 366 3658 Boreae,
389 3548 526 3632 bruma
539 3547 581 3632 in
596 3547 744 3634 media:
771 3546 967 3632 contraria
980 3546 1039 3630 vis
1054 3547 1112 3632 est

101 3722 284 3830 Utraque
297 3715 506 3802 seminibus
524 3709 738 3800 servandus
765 3711 916 3828 frigora
931 3710 1018 3798 dira

101 3885 194 3973 Vim
206 3881 419 3996 genitalem
434 3905 594 3968 omnem
606 3880 817 3989 perimunt,
825 3877 1043 3992 frustraque
1052 3878 1204 3968 fovebis
1216 3915 1270 3981 su

102 4055 245 4136 Semeo
256 4049 394 4134 inane:
423 4047 529 4134 calor
547 4047 683 4140 verosi
699 4045 876 4134 adrnill'us
895 4044 1026 4134 inova
1164 4072 1173 4086 ·

100 4215 288 4304 Paulatim
301 4215 380 4302 sest
402 4213 581 4322 inlinuet,
606 4241 725 4326 parva
739 4213 796 4300 est
807 4239 932 4322 mora,
952 4213 1082 4326 proles

1162 4382 1269 4466 Ante
