3170 5150
404 335 774 428 Poruroouuu
815 331 925 416 Lrn.
951 333 1028 416 111.
1245 351 1303 450 69

4 623 5 640 s
131 555 316 656 Ducitur,
340 559 382 638 dr
398 549 571 643 brevitet
588 547 740 658 comer,
764 573 816 648 ne
833 545 941 648 sorte
958 549 1131 662 priunum

130 721 294 819 obsitus
310 715 533 812 sermonum
544 716 621 804 alio
636 714 841 807 traducere
852 737 1044 826 mentem,

3 1005 4 1016 Ν
134 893 262 1001 Inque
279 885 414 972 aliaex
436 884 519 974 aliis
533 883 689 972 videare
706 883 868 972 exordia
883 885 975 978 labi.

201 1058 369 1169 Jamque
384 1049 675 1171 ageverborum
689 1050 758 1170 qui
772 1048 1002 1149 sederemus
1015 1049 1228 1162 habendus,
1253 1085 1308 1154 17⁰

133 1223 237 1334 Qae
254 1221 375 1310 ratio:
401 1245 494 1312 uam
512 1243 586 1306 nec
600 1216 690 1302 sunt
707 1216 842 1307 omnia
855 1216 1023 1307 versibus
1039 1237 1146 1330 apta,

134 1389 286 1474 Omnia
304 1413 378 1482 nec
394 1387 541 1497 pariter
559 1384 631 1478 ribi
648 1375 737 1470 sunt
751 1411 834 1471 uno
849 1383 988 1472 ordine
1004 1383 1196 1476 habenda
1240 1395 1243 1404 ‘

136 1555 315 1643 Versibus
332 1555 416 1667 ipsa
430 1553 550 1644 etiam
567 1549 698 1658 divisa,
724 1558 767 1646 dl
782 1551 955 1640 tannim
971 1571 1160 1668 quantum

136 1723 384 1808 Carminibus
401 1719 558 1828 distant,
584 1737 740 1816 tanum
760 1717 944 1812 distantia
960 1720 1082 1812 verba
1296 1701 1298 1707 ¹

139 1893 239 1973 Sunt
254 1891 375 1986 etiam
388 1889 495 1975 inter
511 1885 565 1996 se,
591 1885 765 2004 quamuis
781 1888 1005 1986 communia
1020 1887 1145 1976 multa
1228 1987 1234 1996 ,
1257 1921 1308 1990 ur

140 2056 343 2150 Interdum
358 2057 530 2144 invenies
544 2052 673 2142 versus
688 2052 825 2143 diffusa
840 2080 912 2166 per
927 2081 1080 2152 omnes.
1220 2017 1223 2024 Δ

140 2221 269 2318 Multa
281 2221 423 2318 decent
438 2221 607 2328 scenam,
632 2247 722 2334 que
736 2218 827 2309 sunt
842 2218 1029 2338 firgienda
1041 2223 1199 2320 canemi

141 2392 223 2474 Aut
239 2390 388 2474 Divum
404 2388 551 2495 laudes,
578 2407 646 2478 aut
659 2386 823 2475 heroum
837 2387 981 2496 inelyte
997 2390 1115 2491 foma.

141 2561 250 2670 Ergo
268 2555 347 2640 aste
364 2554 510 2676 vestiga
526 2553 663 2662 oculis,
681 2555 878 2666 aciemque
895 2556 1029 2644 voluta

141 2721 360 2812 Verborum
376 2717 478 2828 sylva
494 2721 541 2810 in
555 2747 717 2834 magna:
747 2739 833 2818 tum
850 2721 1104 2812 accommoda
1121 2719 1240 2822 Musis
1257 2739 1314 2803 rt·

143 2887 286 3004 selige,
312 2904 354 2976 nr
370 2885 536 3004 insignes
554 2915 693 2974 vocum
713 2888 919 3004 depascere
937 2890 1123 2997 honoret,
1274 2955 1278 2962 -

142 3059 207 3142 Ut
220 3055 365 3142 nitidus
381 3083 481 3168 puro
496 3055 623 3154 versus
639 3054 711 3140 tibi
725 3057 877 3172 fulgeat
892 3085 999 3144 auto.
1248 3179 1250 3184 Ι

144 3221 282 3335 Rejice
299 3221 535 3338 degenerem
555 3223 709 3310 turbam
736 3227 793 3312 nil
809 3226 904 3312 lucis
918 3227 1144 3333 habentem,

145 3387 425 3500 Indecoresque
438 3408 566 3495 notas,
593 3417 644 3474 ne
659 3389 707 3480 stt
722 3420 806 3476 non
822 3389 941 3505 digna
956 3392 1136 3502 supellex.

146 3555 232 3670 Qs
248 3556 334 3640 fieri
356 3555 399 3640 id
417 3553 533 3668 poffit
547 3573 721 3642 veterum
736 3578 777 3642 te
792 3557 928 3652 semita
942 3581 1077 3648 vatum
1260 3577 1311 3656 rte

147 3721 367 3808 Observata
383 3721 558 3808 docebit:
584 3721 648 3806 ndi
666 3745 923 3813 monumenta
938 3726 1114 3836 priorum

148 3889 298 3976 Crebra
313 3891 432 4004 nudis
446 3890 655 4004 animoque
670 3893 818 4006 legens,
845 3902 886 3978 δι
902 3879 1025 3987 muita
1041 3896 1186 3986 voluta.

147 4057 257 4141 Tum
274 4059 462 4169 quamvis,
488 4057 606 4172 longe
623 4058 734 4172 siquis
750 4059 1010 4176 supereminet
1023 4089 1175 4164 omnes,

149 4223 348 4320 Virtutem
362 4251 411 4312 ex
427 4225 510 4336 illo,
538 4251 582 4313 ac
599 4228 791 4314 rationem
812 4223 957 4313 discere
972 4225 1079 4316 sandi

908 4383 912 4390 ’
1251 4390 1317 4474 To
