3172 5140
439 331 811 411 Poenicorum
854 329 963 412 Lis.
991 331 1045 412 11.
1223 305 1228 313 ³
1271 367 1322 440 43

154 551 283 660 Atque
300 550 431 652 Getae,
459 563 579 657 atque
596 545 768 651 Hebrus,
794 557 835 631 δε
853 523 987 632 helias
1002 525 1196 664 Orithyja.

81 835 84 840 Ι
150 717 248 798 Non
267 713 382 798 aliam
401 713 456 795 ob
473 713 625 798 causam
642 739 754 828 reges
772 714 837 824 qui
856 715 897 798 in
914 714 1045 824 praelia
1060 736 1198 802 euntes
1268 741 1325 800 ass

147 879 425 986 Dinumerant,
454 879 709 992 populolque‚
736 907 889 964 moram
908 901 1062 968 traxere
1082 907 1269 972 canentes

145 1049 231 1129 Aut
247 1047 434 1164 Ligurum
455 1047 553 1160 regi,
580 1045 635 1130 ob
654 1045 782 1132 casum
798 1046 1056 1134 Phaethontis
1072 1054 1193 1136 arnati

144 1215 253 1297 Dum
269 1215 406 1327 gemit,
434 1226 475 1300 δε
494 1215 675 1300 muellum
687 1215 795 1298 musa
811 1215 959 1300 solatur
975 1243 1164 1322 amorem,

144 1387 196 1466 In
211 1382 321 1484 sylvis
338 1410 438 1467 cano
454 1403 563 1467 natas
585 1381 809 1491 incorpore
825 1380 1000 1492 plumas:

143 1551 227 1633 Aut
243 1549 393 1632 rursum
406 1551 666 1660 Hippolytum
681 1551 835 1660 superas
848 1550 989 1636 veniffe
1002 1552 1072 1636 sub
1087 1579 1199 1637 auras
1261 1576 1315 1647 265

142 1717 307 1799 Paeoniis
323 1737 546 1800 revocatum
562 1715 704 1824 herbis,
731 1727 774 1803 ὅτ
791 1745 927 1802 amore
942 1719 1096 1804 Dianae.

142 1884 234 1970 Nec
248 1911 343 1968 vero
355 1886 506 1968 interea
521 1911 608 1996 quae
624 1887 764 1997 cuique
779 1883 955 1998 inllgnia,
981 1913 1068 2000 quae
1081 1913 1190 1972 arma

142 2055 393 2156 Praenereunt,
427 2052 594 2162 pingunt
612 2051 783 2162 clypeos,
811 2073 929 2165 atque
951 2056 1122 2140 Hercule
1150 2051 1313 2164 pulchro

142 2217 304 2304 Pulcher
318 2216 533 2304 Aventinus
553 2217 653 2300 satus
669 2219 764 2302 olim
780 2219 928 2334 insigne
942 2241 1150 2332 paternum

144 2385 313 2470 Centum
322 2385 1244 2499 angues,cin6tsmq;geritserpentibusHydmm.
1255 2421 1312 2480 ⁸70

143 2559 250 2663 Saepe
269 2553 388 2636 etiam
401 2552 486 2637 loca
502 2577 661 2634 amoena
675 2573 833 2656 canunt,
861 2563 903 2636 δε
918 2549 1060 2664 frigida
1074 2555 1242 2662 Tempe.

139 2723 257 2807 Nunc
276 2721 387 2806 variis
404 2720 571 2834 pingunt
586 2745 674 2800 curn
689 2715 849 2802 floribus
868 2719 1104 2803 auricomum
1121 2744 1210 2817 ver;

138 2891 257 2974 Nunc
274 2886 414 2972 virides
431 2885 585 3000 liquidis
604 2883 792 2970 inducunt
805 2885 981 2970 fontibus
1003 2886 1172 2992 umbras,

138 3055 361 3168 Crebraque
382 3055 587 3139 fluviorum
603 3053 645 3136 in
661 3053 752 3162 ripis
770 3052 984 3163 spatiantur
997 3055 1157 3165 opacis,

137 3225 221 3304 Aut
239 3220 381 3308 Veneti
399 3223 574 3329 Eridani,
602 3242 668 3304 aut
685 3221 805 3308 AEtoli
824 3221 1000 3306 Acheloi.
1249 3250 1302 3310 ης

135 3385 300 3472 Addunt
315 3399 355 3473 δε
368 3394 508 3494 Panas,
534 3393 706 3493 Faunos,
731 3387 983 3508 Dryadasque
997 3387 1156 3494 puellas,

136 3559 190 3636 Et
205 3577 362 3640 centum
377 3581 573 3669 aequoreas
591 3559 730 3640 Nereo
744 3555 926 3666 genitore
941 3555 1103 3638 sorores.

206 3725 318 3834 Saepe
335 3741 466 3806 tamen
486 3719 782 3808 memorandum
797 3721 900 3804 inter
913 3719 1059 3806 ludicra
1076 3737 1278 3806 memento

136 3885 366 3974 Permiscere
390 3888 548 4002 aliquid,
572 3887 744 3971 brevite?
759 3887 940 3972 mortalia
956 3888 1074 3976 cordo
1229 3969 1232 3978 .

135 4053 259 4168 Qud
274 4077 446 4164 moveat,
473 4077 640 4168 tangens
656 4055 835 4138 humanae
849 4057 1056 4158 commoda
1071 4057 1174 4159 vitae,
1244 4077 1300 4133 sm

134 4205 335 4336 Qodqne'
348 4224 443 4308 olim
463 4221 625 4336 jubeant
645 4242 759 4309 natos
777 4225 991 4308 meminille
1007 4241 1201 4334 parentes.

884 4395 963 4472 F2
1245 4393 1301 4488 At
