3170 5150
470 373 766 463 Bdmureum
797 381 904 462 Lta.
937 383 970 460 1.
1256 414 1302 486 13

1 654 3 668 .
135 592 309 680 Inserere
326 598 514 690 umbrosae
534 597 648 680 camis
669 595 892 708 ingentibus
909 597 1018 703 ulmi,

134 771 188 847 Et
205 765 350 848 steriles
371 764 481 873 sylyae
501 791 604 850 nunc
622 762 720 847 dant
740 763 930 848 bieoloria
950 791 1074 848 mora.

138 937 237 1016 Sunt
259 888 358 1036 aliae,'
381 961 481 1044 quae,
506 928 671 1018 fifoetus
689 931 758 1016 fibi
781 931 949 1016 nascitur
964 951 1056 1016 ante
1254 967 1308 1028 215

138 1101 270 1211 Qam
285 1099 481 1204 Tbysbaea
495 1101 608 1187 novis
630 1101 823 1184 adolescat
838 1095 1043 1184 frondibus
1059 1099 1190 1206 arbos,

137 1269 411 1379 Urtieamque,
425 1269 617 1382 rubosque
633 1270 785 1383 legunt,
811 1266 903 1350 dum
919 1267 1104 1376 plurimus
1116 1265 1259 1353 humor
1376 1351 1377 1359 y

138 1433 243 1522 Ve're
260 1436 407 1520 subest:
437 1455 480 1520 at
502 1456 547 1521 tu
574 1435 719 1521 teneris
735 1455 829 1520 tunc
843 1461 958 1545 parce
971 1435 1132 1546 puellis3

139 1601 278 1708 Crura,
311 1602 517 1724 manusque
534 1623 689 1692 arment
707 1601 849 1688 facito:
879 1631 953 1688 nec
972 1601 1116 1690 robora
1134 1603 1233 1689 duta

139 1767 337 1854 Ascendat
354 1771 540 1880 permitte
558 1773 600 1857 in
617 1773 728 1879 sylvis
748 1770 895 1855 innuba
913 1772 1046 1887 virgo:

138 1939 284 2022 Verum
302 1967 465 2050 operum
482 1940 764 2050 patiensme,
790 1951 833 2026 δι
851 1941 912 2024 cui
930 1936 1065 2025 durior
1087 1941 1200 2028 annis

139 2103 200 2188 Sit
217 2107 329 2212 cutis,
355 2108 533 2220 (ingratae
547 2103 668 2192 facilis
681 2110 834 2220 jadlura
852 2097 1031 2219 senediae)
1201 2235 1202 2240 Ν

137 2279 306 2356 Munere
322 2271 509 2386 fungatur
524 2275 607 2379 tali,
633 2301 684 2356 ne
701 2275 809 2358 sorte
826 2275 913 2384 quis
930 2276 1018 2358 altis

62 2411 71 2432 ⁴
136 2439 317 2551 Egressus
334 2438 445 2544 sylvis
462 2443 687 2542 Satyrorum
705 2459 863 2553 egente
884 2405 1057 2550 procaci

138 2604 343 2716 Suspiciat,
364 2627 587 2716 teneraeque
604 2603 731 2714 pudor
748 2625 865 2690 notet
883 2633 953 2692 ora
972 2607 1122 2718 puellae.
1260 2641 1313 2702 ης

138 2771 212 2856 Illa
230 2800 384 2886 quoque
400 2775 442 2856 in
459 2773 594 2885 'primis
608 2762 703 2858 'cura
721 2774 792 2880 e'st,
818 2794 863 2858 ut
879 2773 1020 2885 pabula
1033 2774 1186 2886 semper

136 2940 248 3023 Sicca
264 2940 413 3056 legant,
439 2943 618 3054 nullaque
635 2941 759 3026 fluant
773 2941 976 3056 aspergine
995 2943 1111 3049 sylvae

13 3127 16 3134 ‘
139 3109 223 3191 Aut
239 3109 390 3218 pluviae,
418 3129 487 3195 aut
503 3110 601 3195 roris
625 3110 830 3210 nosturni3
857 3113 1002 3223 quippe
1017 3139 1210 3199 venenum

1 3335 2 3342 a
90 3352 94 3360 ,
143 3279 253 3384 Saepe
269 3275 359 3400 fuit,
385 3280 558 3389 quamuis
576 3280 717 3385 tenuis,
743 3278 999 3384 bombycibus
1018 3279 1172 3363 humor.

1 3479 2 3484 Ν
141 3445 357 3555 Nunquam
374 3444 507 3556 igitur,
534 3473 621 3529 cum
644 3474 725 3530 nox
744 3447 851 3531 boris
868 3443 954 3531 filet
973 3445 1228 3560 intempestiS,
1261 3475 1340 3540 ²30·

1 3599 2 3618 ¹
142 3609 345 3694 Accedant
359 3610 522 3715 sylvam:
551 3614 761 3724 expediunt
777 3612 870 3698 dum
889 3616 1046 3730 gurgite
1060 3624 1157 3700 Eoae

1 3855 2 3902 q
143 3775 324 3884 Tethyos
339 3779 491 3888 exierit,
519 3776 742 3894 sursumque
760 3781 941 3866 eduxerit
960 3811 1121 3868 omnem

1 3925 2 4008 Ϊ
144 3945 366 4031 ΟοΙΙεᾶυιιι
386 3948 514 4032 nostis
531 3945 736 4032 humorem
753 3976 965 4059 purpureus
985 3951 1066 4056 Sol,

144 4121 199 4198 Et
213 4115 294 4226 jam
311 4133 393 4197 tres
411 4113 596 4200 scandens
612 4115 749 4228 supera
766 4119 844 4203 alta
863 4120 1060 4232 peregerit
1078 4117 1207 4201 horas.

144 4281 269 4396 Qod
284 4279 311 4366 li
329 4281 434 4368 sorte
451 4283 571 4369 etiam
587 4283 705 4368 fuerit
725 4303 819 4372 tunc
836 4283 996 4370 humida
1015 4284 1132 4392 sylva,
1265 4315 1282 4358 ι
